3130 4942
635 466 799 532 ..23-

178 648 272 712 psere
301 629 494 706 modo,·sed
524 630 673 696 noctibus
703 630 798 695 etiam
827 638 858 696 et
888 649 1087 713 quacumque
1113 637 1259 713 poterant
1368 699 1370 702 ,

144 801 149 812 q
178 728 332 810 temporis
355 729 537 804 occasione,
555 745 654 810 grana
676 727 715 793 de
736 729 867 804 solario,
887 747 1014 810 carnes,
1032 747 1155 806 caseos,
1173 731 1262 812 buty-

178 845 261 906 rum,
278 827 467 892 cerevisiam
483 843 501 890 e
523 844 620 910 penu,
638 844 655 892 e
671 827 804 910 lignaria
820 828 915 892 domo
932 829 1037 912 fasces
1054 837 1085 894 et
1101 829 1262 894 crassiora

178 927 264 1008 ligna
278 925 519 1006 improbissime
534 925 783 1000 suffurabantur,
798 927 1016 1007 reliquamque
1029 927 1261 1014 supellectilem

181 1026 285 1106 palam
301 1025 395 1090 etiam
412 1009 762 1104 rapiebant;'adrersus
776 1041 910 1105 quorum
926 1025 1121 1105 ingenuosas
1132 1024 1262 1091 fraudes

181 1125 267 1188 nulla
283 1123 362 1188 satis
378 1123 469 1186 firma
490 1133 521 1187 et
543 1123 663 1187 munita
685 1122 774 1187 luere
792 1123 943 1188 claustra.
962 1125 997 1186 ln
1020 1140 1144 1188 summa
1165 1123 1262 1190 tantis

180 1223 350 1303 collegium
376 1219 512 1286 affecere
542 1221 678 1296 damnis,
711 1229 742 1284 ut
769 1221 889 1285 biennii
919 1222 1036 1301 spatio,
1065 1222 1181 1302 quibus
1208 1221 1262 1286 alii

181 1321 317 1386 subinde
346 1317 417 1384 aliis
444 1320 654 1384 succedentes
680 1319 745 1386 illio
775 1319 919 1395 haesere,
950 1321 1207 1400 octingentorum
1230 1324 1262 1385 et

180 1419 316 1500 simplius
340 1417 536 1482 florenorum
563 1418 676 1482 damula
701 1417 754 1480 uni
783 1415 897 1480 minori
924 1417 1060 1498 collegio
1084 1417 1262 1492 intulerint,

181 1517 448 1598 quemadmodum
465 1516 655 1596 praesidens
670 1515 816 1589 Gravius,
834 1515 967 1579 redditis
990 1516 1169 1581 rationibus
1191 1524 1265 1582 ante
1305 1498 1309 1514 “

181 1632 285 1702 annos
308 1615 500 1694 complures.
518 1615 574 1702 toti
598 1630 709 1678 sacrae
734 1613 913 1693 theologiae
935 1615 1076 1678 facultati
1097 1613 1265 1679 manifeste

183 1712 459 1806 commonstravit.
502 1765 504 1768 .
579 1746 581 1750 .
667 1709 674 1720 '
892 1785 895 1793 ,
936 1761 941 1770 .

225 1835 242 1870 u
259 1810 397 1884 Quantas
413 1828 491 1876 vero
514 1810 691 1886 molestias
715 1811 960 1886 concussiones,
987 1811 1089 1876 minas
1114 1819 1180 1876 toto
1202 1811 1265 1876 boc

183 1919 328 1990 tempore
350 1909 459 1973 subire
482 1909 661 1988 praesidem
685 1909 723 1972 ab
749 1909 988 1990 improbissimo
1011 1911 1110 1973 milite
1133 1925 1266 1973 necesse

14 2083 16 2092 y
102 2029 104 2034 ¹
182 2009 230 2071 illi
246 2007 341 2073 luerit
356 2009 506 2084 tolerare,
523 2008 663 2088 expertis
679 2007 882 2088 cogitandum
898 2009 1101 2090 relinquitur,
1121 2023 1267 2088 praeser-

184 2110 242 2172 tim
265 2107 426 2172 saeviente
443 2108 536 2171 etiam
559 2117 660 2186 peste,
678 2123 739 2187 qua
762 2124 834 2171 cum
857 2115 923 2172 tres
950 2117 1123 2188 quatuorve
1150 2107 1267 2171 milites

183 2205 325 2285 correpti
347 2205 462 2280 forent,
481 2221 541 2268 nec
561 2205 666 2268 culina
682 2212 713 2268 et
728 2205 944 2284 penetralibus
960 2206 1121 2270 abstinere
1135 2205 1264 2276 vellent,

184 2321 252 2370 non
268 2304 372 2370 solum
388 2304 522 2368 ancillae
537 2319 575 2367 ac
590 2302 710 2375 famuli,
729 2304 784 2366 sed
802 2304 872 2384 ipse
887 2321 1014 2385 quoque
1029 2305 1216 2390 praesidens
1234 2305 1264 2366 in

185 2419 333 2468 summac
347 2402 431 2466 vitae
445 2401 622 2482 periculum
637 2401 737 2478 venit,
756 2395 895 2466 'maxime
917 2419 989 2466 oum
1012 2403 1156 2466 nonnulli
1171 2401 1266 2466 etiam

183 2501 324 2567 bersarii
340 2500 452 2566 eadem
467 2517 540 2564 cum
556 2499 703 2578 praeside
725 2515 835 2564 mensa
853 2508 989 2576 utentes,
1009 2500 1119 2564 morbo
1135 2501 1198 2590 boe
1213 2517 1266 2564 su·
1320 2561 1323 2564 .

182 2599 251 2666 bito
267 2598 422 2679 correpti,
436 2604 618 2679 postunum
634 2597 908 2662 alterumve-diem
921 2597 1126 2678 exspirarint.

224 2697 327 2760 »lam
349 2697 388 2760 ad
410 2695 512 2777 maius
534 2695 704 2776 collegium
727 2696 812 2777 qnod
836 2697 959 2771 attinet,
988 2713 1178 2778 quamquam
1201 2712 1265 2764 non

181 2802 246 2858 tam
262 2811 436 2893 numeroso
451 2795 551 2859 milite
566 2800 729 2875 gravatum
753 2794 784 2857 id
806 2794 874 2870 luit,
900 2795 1028 2859 unicum
1050 2796 1172 2859 habens
1193 2810 1265 2858 cum

182 2911 240 2959 sua
266 2893 386 2958 familia
411 2893 630 2967 decurionem,
656 2893 752 2973 vulgo
779 2892 937 2972 cborpiout
961 2893 1035 2956 dore
1058 2891 1276 2973 appellatum,¹

180 2993 254 3074 plus
270 3001 377 3057 tamen
399 2991 588 3056 damnorum
604 2999 636 3056 et
653 2992 808 3055 malorum
824 3007 1014 3072 perpessum
1030 3000 1079 3056 cst
1094 2991 1265 3057 occasione
1373 2991 1376 2996 '
1479 2979 1482 2984 ’

182 3092 382 3174 captivorum
394 3092 604 3171 quorumdam
616 3091 823 3165 rusticorum,
833 3090 886 3171 qni
901 3107 957 3171 per
970 3081 1096 3155 noctem
1109 3107 1126 3154 c
1138 3088 1265 3169 collegii

184 3189 326 3269 penaria,
352 3188 405 3252 ubi
428 3187 528 3252 clausi
555 3188 756 3262 tenebantur,
777 3187 961 3264 evadentes,
986 3187 1205 3252 bursariotum
1227 3201 1266 3249 ao

181 3286 343 3369 praesidis
359 3303 455 3366 opera
471 3286 571 3365 putati
585 3295 659 3350 sunt
674 3286 776 3350 luisse
792 3285 890 3366 adjuti
911 3295 942 3350 et
961 3285 1099 3359 liberati,
1116 3300 1188 3348 cum
1204 3282 1262 3358 illi,

181 3401 218 3450 ac
246 3384 437 3466 praesertim
461 3383 659 3464 praesidens,
681 3401 721 3448 ex
744 3383 943 3464 dyssenteria
965 3383 1170 3457 decumbens,
1185 3398 1263 3446 'om-

79 3497 82 3504 ‘
180 3485 268 3549 nium
295 3483 389 3563 plane
420 3482 525 3547 lerant
550 3482 664 3563 ignari.
692 3482 795 3558 Quare
821 3481 959 3546 bursarii
985 3483 1122 3562 primum
1152 3496 1265 3544 omnes

167 3575 309 3644 'militari
336 3579 465 3644 licentia
494 3597 531 3644 ac
561 3581 681 3646 l'erooia
710 3580 832 3644 strictis
859 3571 974 3660 gladiis
1001 3580 1085 3660 pulsi
1115 3587 1147 3643 et
1172 3577 1266 3659 ejecti

180 3679 282 3754 luere,
300 3678 446 3746 cubicula
462 3694 573 3742 eorum
589 3679 695 3742 omnia
718 3679 866 3743 universa
882 3680 1082 3759 supellectile
1097 3688 1128 3742 et
1142 3677 1266 3758 praeci·

135 3818 139 3824 -
180 3778 253 3856 pois
275 3777 371 3842 etiam
387 3777 567 3858 quibusque
587 3776 723 3841 sublatis
745 3777 837 3841 libris
851 3786 993 3853 vacuata,
1011 3777 1144 3856 direptis
1160 3793 1178 3840 e
1192 3790 1265 3856 gra-

180 3877 279 3940 nariis
295 3875 384 3940 omni
399 3876 559 3940 frumento
582 3891 619 3939 ac
641 3875 763 3955 reliqua
779 3882 845 3939 tota
860 3875 1037 3940 domestica
1060 3875 1263 3955 provisione;

179 3973 322 4054 praesidi
352 3989 446 4048 vero,
476 3975 550 4038 licet
577 3974 767 4055 gravissime
796 3973 988 4051 aegrotanti,
1019 3980 1105 4036 tanta
1135 3972 1266 4052 irrigata

183 4072 342 4146 molestia,
359 4088 511 4152 pressura
528 4083 559 4136 et
574 4071 768 4152 persecutio,
790 4081 825 4135 ut
841 4088 904 4135 non
920 4071 1004 4134 aliud
1021 4086 1115 4151 quam
1130 4085 1265 4150 oppres·-

182 4185 239 4236 sus
255 4169 294 4234 ab
310 4170 357 4236 eis
374 4178 406 4235 et
422 4180 551 4236 evectus
568 4171 677 4250 luerit;
699 4171 790 4252 cuius
806 4171 901 4235 etiam
916 4171 968 4236 vix
982 4170 1119 4236 emortui
1134 4168 1265 4234 effracta
