3130 4942
646 457 809 568 -rs-

196 745 199 754 ,
225 675 272 738 Ex
286 672 381 738 bonis
395 688 473 737 vero
489 679 520 736 et
534 668 714 734 redditibus
730 685 748 732 a
762 667 924 734 Ludovico
946 669 986 734 de
1009 669 1116 750 Rycke
1130 669 1265 752 ejusque

185 772 322 854 conjuge
336 769 457 837 ludoca
472 767 604 842 relictis,
623 773 654 832 et
669 766 722 848 qui
739 767 778 830 ad
794 766 833 830 80
846 765 989 832 florenos
1004 766 1264 843 aestimabantur,

186 878 310 952 septem
335 868 502 933 alebantur
531 881 688 946 pauperes
707 864 901 940 scholares,
933 883 1109 948 eorumque
1137 865 1268 932 cuilibet
1320 942 1322 944 ,

187 969 226 1032 lb
252 965 365 1032 lloreni
392 962 617 1030 obveniebant.
646 961 725 1027 Cum
748 979 826 1029 vero
852 962 957 1028 minor
978 965 1058 1029 haec
1083 964 1143 1030 dos
1172 964 1267 1042 foret,

188 1083 283 1150 quam
299 1055 391 1146 quae,
419 1051 512 1128 ducta
537 1077 684 1126 annonae
698 1061 843 1138 caritate,
872 1067 917 1128 tot
943 1062 1068 1128 alendis
1094 1061 1269 1140 sufficeret,

190 1163 389 1246 septenarius
414 1163 585 1227 bursarum
610 1177 764 1226 numerus
791 1161 949 1242 magnifici
979 1161 1100 1227 domiui
1135 1161 1272 1228 rectoris

190 1264 376 1330 auctoritate
402 1262 441 1326 ad
457 1259 631 1326 ternarium
657 1259 731 1324 dein
747 1260 896 1340 redactus
916 1248 966 1326 es't
981 1277 1159 1327 numerum.
1188 1261 1272 1336 Qua·
1374 1267 1376 1271 '

192 1362 261 1428 ruin
285 1357 611 1426 bursarumeollatio
634 1373 672 1424 ac
697 1357 867 1440 dispositio
893 1369 944 1425 est
969 1377 1071 1441 penes
1091 1360 1272 1432 tenultatem

192 1475 302 1546 sacrae
317 1457 508 1539 theologiae.

230 1559 346 1624 Verum
372 1555 514 1649 munifici
536 1555 569 1618 hi
594 1555 913 1637 conjuges,'tametsi
939 1555 1084 1622 aedificia
1109 1556 1272 1622 inlocum

194 1657 320 1740 collegii
336 1673 440 1731 cessa,
458 1654 607 1736 quamdiu
622 1655 782 1730 vixerunt,
800 1662 983 1720 sartatecta
1000 1655 1170 1730 servarint,
1189 1655 1274 1720 nulla

194 1767 298 1826 tamen
327 1755 526 1836 reliquerunt
551 1753 709 1831 subsidia,
740 1753 857 1834 quihus
886 1771 964 1819 suae
993 1755 1109 1820 domus
1140 1753 1274 1836 posthac

194 1855 366 1922 restaurari
395 1853 446 1918 vel
481 1853 650 1934 collapsae·
667 1853 841 1917 instaurari
867 1859 1013 1935 possent.
1045 1853 1272 1928 Accessiones,

172 1955 274 2036 (quae
306 1951 508 2034 postmodum
539 1951 695 2016 aedificiis
725 1951 878 2017 Ludovici
907 1953 1068 2032 quondam
1097 1951 1138 2016 de
1166 1951 1275 2033 Ryche
1374 2018 1376 2023 ,

193 2053 293 2118 iactae
318 2053 457 2126 luerunt,
486 2065 551 2114 non
577 2049 651 2114 huie
678 2049 800 2130 primae
826 2049 1014 2124 fundationi,
1042 2049 1132 2114 utin
1159 2047 1277 2114 ceteris

194 2150 312 2236 passim
328 2148 486 2230 collegiis,
503 2147 560 2212 sed
584 2147 656 2211 aliis
668 2155 819 2228 acceptae
837 2147 987 2212 ferendae
1002 2155 1078 2212 sunt
1092 2147 1277 2213 benefacto·

196 2251 296 2315 ribus.
521 2267 531 2312 .·

234 2349 338 2430 Atque
366 2347 409 2410 ita
434 2345 602 2411 Cornelius
631 2345 746 2420 Braen,
778 2345 929 2419 Venetus,
953 2345 1033 2410 civis
1058 2334 1095 2410 'et
1120 2353 1280 2410 mereator

111 2525 113 2530 Ι
194 2444 448 2526 hntverpiensis,
473 2443 643 2524 collegium
669 2444 756 2508 auxit
780 2461 863 2509 anno
892 2445 972 2508 toas
1006 2444 1165 2518 aedificio,
1192 2444 1277 2524 quod

196 2547 323 2610 hortum
339 2545 378 2610 ab
390 2561 463 2608 area
476 2544 626 2619 secernit,
640 2542 848 2623 longitudinis
861 2543 899 2622 11)
921 2543 960 2608 ad
974 2559 1079 2607 aream
1097 2543 1142 2635 75*
1152 2542 1280 2609 circiter

128 2637 134 2648 '
198 2645 324 2724 pedum.
341 2643 378 2706 ln
393 2642 485 2723 cujus
509 2641 614 2707 medio
635 2659 752 2707 versus
774 2658 881 2707 aream
907 2659 944 2707 ac
967 2660 984 2708 e
1005 2643 1135 2724 regione
1152 2648 1281 2721 portae,

198 2758 380 2822 quaenunc
396 2748 456 2817 est,
474 2745 542 2804 erat
558 2739 654 2804 turris
675 2740 812 2804 rotunda
836 2757 909 2805 cum
924 2740 1091 2822 gradibus,
1110 2740 1229 2820 quibus
1244 2739 1283 2802 ad
1336 2805 1340 2810 ,

199 2840 260 2904 hoo
275 2839 456 2904 aedilitium
472 2838 717 2903 ascendebatur.

238 2937 372 3000 Eratin
398 2937 484 3002 dicto
510 2935 656 3000 aedificio
682 2936 843 3016 quondam
869 2936 979 3000 schola
1008 2935 1281 3016 disputationibus
1312 2993 1319 3003 „

199 3034 448 3100 sabbatinalibus
469 3034 635 3122 habendis,
653 3051 732 3116 quas
753 3034 838 3109 dein,
854 3034 939 3098 eirca
955 3049 1072 3097 annum
1089 3035 1181 3110 tato,
1205 3035 1283 3098 Gor-

199 3135 302 3200 nelius
317 3133 463 3198 Andreae
476 3150 493 3196 a
506 3135 619 3212 Stryen
631 3132 774 3197 fundavit
784 3149 842 3196 seu
855 3133 929 3197 dote
943 3131 1038 3196 auxit.
1053 3131 1109 3195 llis
1122 3149 1199 3197 vero
1215 3133 1282 3197 dis-

199 3224 419 3314 putationibus
441 3233 480 3296 ad
497 3231 658 3311 publicum
675 3231 898 3312 theologorum
924 3229 1116 3294 auditorium
1138 3230 1171 3293 in
1187 3231 1282 3294 hallis

199 3331 417 3395 circaannum
443 3330 522 3394 l593
549 3330 723 3406 translatis,
741 3331 851 3394 schola
878 3331 956 3394 baec
980 3337 1146 3409 totumque
1172 3328 1285 3393 aedid-

202 3429 284 3493 cium
310 3428 449 3492 Cornelii
475 3429 577 3492 Braen
604 3428 703 3494 cessit
732 3427 765 3490 in
791 3428 895 3492 aulam
918 3426 1044 3508 collegii
1070 3435 1103 3491 et
1126 3426 1286 3506 praesidis
1405 3464 1409 3472 ·

203 3526 443 3602 habitationem,
465 3525 710 3607 aedificiumque
725 3528 787 3590 hoc
802 3543 885 3591 anno
903 3527 983 3590 1790
999 3527 1198 3590 destructum
1216 3542 1253 3590 ac
1270 3543 1287 3589 a
1391 3551 1400 3602 .·

205 3623 419 3690 fundamentis
446 3623 683 3694 reaedificatum
714 3631 775 3688 est.-
1024 3693 1035 3716 ,

244 3723 280 3786 ln
302 3722 439 3803 collegio
462 3723 573 3804 majori
595 3731 668 3787 ante
694 3723 837 3786 ultimam
861 3723 1095 3788 revolutionem
1124 3725 1191 3800 (seu
1215 3732 1288 3787 ante

206 3837 322 3886 annum
334 3821 424 3897 trab)
440 3822 565 3886 extabat
578 3820 700 3901 effigies
713 3821 852 3886 Cornelii
878 3823 979 3886 Bra'en
992 3839 1064 3886 cum
1076 3823 1137 3886 hac
1151 3822 1288 3903 inscrip-

206 3918 290 3985 tione
321 3941 329 3982 :
361 3938 505 3983 ceunomo
546 3938 657 3996 unssn,
692 3939 752 3985 ervr
794 3939 828 3983 nr
870 3939 1034 3984 nonnarum
1063 3939 1289 3996 tarvennensi,

244 4132 284 4204 (l)
305 4131 432 4209 Ejusdem
445 4131 619 4204 longitudinis
637 4137 668 4190 ui
681 4153 750 4192 nuuc
763 4139 804 4192 est
821 4135 965 4194 aedificium
980 4141 1083 4208 portae,
1106 4139 1133 4191 et
1153 4153 1167 4192 e
1183 4134 1289 4206 regione

212 4221 289 4296 hujus
302 4225 392 4281 stelit.
502 4228 506 4239 “
