3014 4946
786 470 972 535 -286-

297 599 299 602 .
337 653 401 702 uno
427 637 569 702 alterove
595 636 744 701 dicante
769 635 1109 714 obitumdimisissot;
1135 637 1282 718 sepultus
1308 638 1409 704 estad

336 737 444 828 divum
460 735 657 812 Quintinum.

376 885 457 949 XIV.
480 883 645 948 Euunnusu
671 883 853 958 anncrscus
882 884 1036 960 Fauonun,
1067 885 1300 962 bruxellensis,
1327 893 1409 951 natus

335 986 375 1048 ab
401 983 581 1048 decembris
608 983 699 1058 llll,
728 989 817 1064 patre
842 983 964 1047 loanne
991 983 1146 1064 Baptista,
1173 992 1276 1049 matre
1300 985 1407 1049 Joanna

334 1083 433 1148 Maria
446 1081 813 1156 (lambienhumaniores
825 1082 934 1146 literas
948 1083 1031 1164 apud
1044 1089 1151 1162 patres
1163 1083 1332 1148 Societatis
1342 1083 1407 1148 lesu

334 1183 366 1247 in
380 1182 480 1263 patria
493 1181 635 1256 edidicit,
651 1189 683 1246 et
695 1180 893 1245 dialecticam
907 1198 990 1246 anno
1004 1183 1084 1245 1159
1099 1182 1132 1244 11
1145 1181 1312 1264 gymnasio
1327 1197 1409 1246 sanc-

333 1281 478 1346 tissimae
497 1279 661 1344 Trinitatis
677 1279 825 1357 Lovanii;
851 1296 935 1344 anno
958 1279 1035 1342 1761
1061 1280 1093 1343 11
1115 1281 1241 1345 artibus
1263 1298 1281 1346 e
1303 1279 1406 1361 paeda·

333 1380 429 1462 gogio
457 1378 527 1442 Lilii
560 1379 627 1441 11ιω
663 1385 852 1459 promotus;
882 1379 1063 1460 theologiae
1093 1396 1191 1444 cursu
1220 1380 1255 1444 in
1284 1379 1407 1460 collegio

333 1477 447 1542 briutii
470 1477 630 1554 conlecto,
648 1493 759 1540 sacrae
786 1477 966 1558 theologiae
992 1471 1223 1542 baccalaureus
1250 1479 1404 1546 formatus.

333 1576 458 1642 transiit
480 1578 520 1640 ad
546 1575 718 1656 collegium
741 1575 888 1650 balenae,
906 1581 937 1640 et
960 1575 993 1638 in
1016 1575 1124 1641 locum
1147 1576 1269 1640 domini
1283 1575 1406 1642 blosscl-

332 1693 406 1740 man
428 1674 616 1739 dimittentis
638 1690 656 1738 a
677 1681 812 1754 patrono
838 1673 966 1754 collegii
990 1690 1121 1754 praeses
1144 1674 1357 1750 constituitur,
1379 1681 1405 1738 et

331 1775 365 1838 in
382 1773 624 1855 possessionem
640 1771 775 1836 mittitur
790 1771 809 1834 9
826 1771 1007 1836 decembris
1023 1771 1114 1835 1189.

374 1873 435 1938 Per
457 1872 691 1952 promotionem
714 1869 899 1946 hilarent,
925 1887 1037 1935 sacrae
1059 1871 1242 1952 theologiae
1264 1869 1404 1942 doctoris,

332 1971 535 2036 renuntiatur
551 1971 590 2034 19
601 1970 782 2036 decembris
798 1970 878 2033 1193
895 1970 1070 2035 canonicus
1085 1971 1208 2050 primae
1220 1969 1406 2034 fundatorius

332 2071 372 2134 ad
389 2075 535 2134 sanctum
551 2069 679 2134 Petrum
696 2068 837 2133 Louanii.
855 2067 939 2132 Obiit
955 2069 973 2130 l
989 2069 1174 2134 novembris
1190 2069 1282 2132 1195.

374 2168 410 2231 11
439 2185 475 2233 11
504 2167 712 2232 oeconomica
743 2165 1036 2247 diligentissimuS‚
1068 2167 1258 2248 disciplinae
1286 2165 1406 2231 sedulus

333 2267 533 2346 observator,
552 2266 700 2331 omnibus
717 2272 839 2347 gratus,
855 2265 969 2347 ingens
992 2266 1121 2348 reliquit
1140 2267 1192 2332 sui
1207 2265 1406 2332 desiderium.

421 2531 632 2594 Fundationes
654 2529 817 2592 buranum
838 2529 873 2591 in
894 2529 1019 2609 callepio
1041 2529 1128 2592 Petri
1158 2530 1224 2594 Van
1245 2529 1327 2594 [lule.

374 2726 453 2792 Sunt
469 2727 501 2789 in
517 2729 579 2792 hoc
594 2725 730 2807 collegio
747 2686 953 2790 fundationes
971 2745 978 2792 :

376 2891 405 2956 r.
430 2894 513 2956 reru
534 2893 598 2956 rau
616 2891 701 2966 uate,
720 2889 898 2954 runcatoris
914 2852 924 2968 ;Ι

374 3039 404 3101 b.
431 3040 625 3120 Grtmbcrpoe
647 3039 805 3112 baronum,
830 3037 884 3118 qui
906 3035 1022 3101 deinde
1046 3035 1194 3110 comites,
1220 3051 1305 3099 nunc
1329 3032 1413 3114 prin·

333 3136 440 3218 cipes;
465 3145 540 3201 sunt
556 3137 587 3199 hi
604 3135 825 3200 benefactores
842 3135 936 3199 simul
956 3142 987 3199 et
1003 3134 1140 3214 patroni.
1158 3133 1272 3198 Plures
1291 3133 1415 3197 luerunt

333 3251 371 3300 ex
387 3236 448 3300 hac
463 3235 581 3298 familia
597 3235 637 3298 de
653 3234 841 3313 Grimberga
864 3249 921 3297 seu
944 3233 984 3298 de
1007 3232 1227 3318 Berghis,qui
1250 3233 1364 3296 bursas
1386 3229 1416 3290 in

332 3334 395 3398 hoc
410 3333 547 3414 collegio
563 3340 745 3397 erexerunt.

341 3541 345 3549 ‘
373 3529 419 3592 En
443 3537 620 3594 extractum
643 3546 681 3592 ex
697 3534 888 3592 testamento
911 3525 1175 3592 reverendissimi
1198 3525 1318 3592 domini
1344 3525 1415 3590 Gui-

331 3625 430 3691 lielmi
443 3627 483 3690 de
496 3621 641 3707 Berghis,
656 3624 891 3706 archiepiscopi
902 3623 1162 3699 ¹Cameracensis,
1176 3625 1286 3704 plures
1300 3623 1419 3688 bursas

330 3723 493 3790 fundantis
510 3747 518 3786 :
1231 3718 1233 3724 '

373 3888 483 3964 «Volo
500 3905 539 3952 ex
554 3885 680 3951 colonia
696 3893 801 3964 empta
823 3901 880 3964 per
896 3900 946 3949 me
961 3901 1020 3965 pro
1037 3884 1173 3976 collegio
1191 3883 1259 3949 Van
1275 3885 1377 3950 baele
1392 3894 1421 3949 et

329 3983 455 4050 redditu
493 3994 621 4050 centum
651 3983 878 4066 quinquaginta
908 3983 1108 4048 florenorum
1141 3983 1266 4048 assumi
1296 3985 1422 4066 aliquot

327 4079 557 4160 bursarios,uti
571 4083 624 4165 qui
638 4083 823 4162 promittant
836 4097 992 4147 securam
1006 4081 1184 4146 animarum
1196 4081 1231 4146 in
1243 4083 1423 4168 archiepis

327 4191 445 4262 copatu
469 4175 692 4248 cameracensi
719 4187 751 4245 et
772 4178 918 4248 dioecesi
940 4179 1166 4262 Antverpiensi
1191 4171 1421 4264 suscepturos.
