3014 4946
665 433 853 500 495:

209 599 247 662 D.
265 597 394 662 Barouts
411 616 504 664 uurnt
519 598 646 662 Scaturn
666 597 671 681 Ι
690 617 747 662 rua
762 615 869 662 novun.
894 599 932 662 D.
949 598 1051 662 Lucan
1073 596 1297 660 Montes-uert-

210 715 273 762 nuu
286 715 417 762 nostran
437 696 442 780 Ι
462 714 919 762 uuacunolercmsnoutsrunn
940 696 945 778 Ι
964 713 1300 760 orantuuurrsursacrus¹

209 813 355 865 necrpuns
375 794 379 878 Ι
400 814 428 858 ut·
451 813 526 860 naue
551 815 712 860 accersitu
734 813 923 858 uuronruruu
941 795 946 876 Ι
965 813 1079 858 rancun
1100 793 1105 876 Ι
1123 813 1140 858 a
1163 813 1230 874 nur.
1257 795 1295 857 D.
1339 798 1341 810 “
1365 841 1367 845 -

207 895 313 958 Vrceto
349 893 520 958 Sutcnumo
540 893 545 978 Ι
564 913 652 958 raino
689 913 816 958 srususu
853 911 1011 958 nectnsntu
1041 908 1217 956 ualerosno
1237 891 1240 974 Ι
1260 911 1297 956 au

206 1009 363 1056 MEMORIAM
384 1010 558 1058 VETUSTATIS
573 1011 607 1056 ΕΤ
620 1011 826 1056 ¹POSTERITA'I'IS
845 992 849 1075 Ι
869 1010 946 1056 HUNC
961 1010 989 1054 ΙΝ
1005 1009 1105 1054 MODUM
1121 1009 1255 1054 ERECTUM
1275 989 1280 1071 Ι

205 1100 240 1156 d⁰
255 1092 297 1154 „ni
314 1090 403 1153 1572.
419 1112 437 1148 n

251 1237 352 1303 Porro
368 1238 466 1302 vitam
483 1253 573 1302 suam
590 1239 660 1320 ipse
679 1239 813 1320 VigliuS,
831 1255 956 1304 morum
972 1237 1165 1304 confidentia
1181 1236 1293 1310 lretus,

205 1335 357 1416 scripsit3
376 1351 471 1418 quam
487 1335 586 1400 edidit
609 1337 741 1418 Hoynck
756 1337 823 1400 Van
846 1337 1068 1418 Papcndrccbt
1089 1337 1120 1398 in
1142 1335 1297 1400 Analectis

142 1435 144 1442 ’
207 1433 354 1516 Belpict'm
372 1433 396 1497 l.
414 1449 468 1516 pp.
486 1435 595 1498 t-tat.

250 1583 296 1646 lle
312 1583 443 1663 scriptis
455 1600 533 1648 vero
546 1583 632 1648 illius
644 1580 676 1648 et
689 1599 769 1664 quae
785 1584 926 1650 omnium
940 1583 1086 1648 manibus
1102 1589 1250 1648 teruntur
1265 1587 1296 1646 et

205 1680 249 1744 ab
266 1680 416 1746 omnibus
443 1682 631 1762 probantur,
657 1681 731 1747 vide
752 1681 967 1746 Bibliothecom
992 1681 1136 1763 belpicom
1162 1679 1295 1746 loannis

204 1779 374 1844 Francisci
386 1780 546 1860 Foppem,
565 1781 604 1857 ll,
623 1796 675 1860 pp.
693 1780 772 1844 ltbl
789 1798 861 1862 sqq.

250 1977 458 2044 Reverendus
499 1979 649 2067 dominus
692 1979 814 2060 Viglius
849 1977 1061 2052 Zuiobemus‚
1094 1963 1326 2057 praepositus
1360 1990 1361 1995 ’

205 2076 313 2141 sancti
325 2077 464 2162 Bauoni's
475 2076 667 2154 Gaudensis‚
681 2078 788 2159 regiae
804 2076 980 2142 catholicae
992 2074 1166 2156 Maiestatis
1178 2072 1296 2138 secreti

205 2174 340 2240 concilii
362 2191 506 2255 praeses,
531 2174 562 2238 in
586 2192 671 2240 anno
696 2175 775 2239 toea
797 2183 982 2256 comparato
1005 2174 1037 2236 in
1059 2173 1179 2254 oppido
1194 2172 1296 2238 Loua-

204 2273 316 2340 niensi
332 2270 437 2356 amplo
454 2275 552 2339 lundo
575 2291 647 2339 cum
671 2275 841 2355 splendido
863 2265 1009 2340 aedilicio
1025 2273 1059 2336 iu
1075 2273 1177 2354 platea
1193 2271 1294 2337 sancti

205 2372 352 2448 Quintini
368 2381 455 2438 extra
471 2360 657 2438 interiorem
681 2381 817 2453 portam,
835 2391 939 2455 ecque
960 2372 1032 2436 aliis
1054 2370 1210 2438 aediliciis
1231 2386 1294 2434 am-

202 2470 319 2552 pliato,
332 2471 365 2534 in
381 2488 419 2537 eo
432 2472 534 2537 erexit
549 2471 721 2554 collegium
733 2488 792 2552 pro
805 2471 974 2536 duodecim
990 2469 1146 2535 studiosis
1157 2468 1189 2532 in
1202 2485 1295 2533 sacra

202 2569 368 2651 theologia
390 2577 443 2636 aut
463 2569 536 2651 jure
558 2569 726 2645 canonico,
744 2587 802 2635 sex
823 2569 973 2634 videlicet
987 2568 1099 2632 Frisiis
1122 2575 1153 2632 et
1176 2583 1233 2632 sex
1255 2583 1294 2631 ex

202 2668 416 2734 choraulibus
445 2669 548 2734 diotae
578 2668 735 2734 eeclesiae
764 2668 867 2734 sancti
896 2667 1046 2742 bavonis,
1064 2665 1240 2732 constituto
1261 2663 1294 2728 in

204 2765 322 2832 eodem
339 2767 415 2832 dicti
431 2767 558 2850 collegii
574 2767 735 2849 praeside.
748 2767 797 2831 Ad
819 2766 911 2848 cujus
934 2765 1060 2848 collegii
1083 2762 1294 2828 sustentatio-

203 2881 281 2928 nem
298 2864 378 2930 duas
393 2866 568 2946 assignavit
583 2866 687 2941 villas,
705 2882 799 2930 unam
816 2866 850 2929 in
870 2864 968 2930 Perok
985 2864 1069 2945 apud
1084 2860 1290 2936 Vilvordiam,

201 2964 338 3028 alteram
354 2963 386 3028 in
399 2963 607 3046 Ruysbroeck
623 2965 705 3030 ultra
719 2965 910 3038 Bruxellam,
924 2972 955 3028 ot
968 2979 1066 3044 super
1077 2961 1172 3025 bonis
1189 2959 1293 3024 dictae
1328 3015 1330 3019 .

200 3062 364 3128 ecclesiae
378 3063 479 3128 sancti
495 3063 634 3128 Bavonis
650 3063 831 3128 Gaudensis
850 3063 883 3124 in
905 3061 1043 3126 diversis
1059 3059 1215 3125 reditibus
1231 3057 1293 3122 cir-

200 3162 287 3226 citer
302 3161 496 3244 quingentos
511 3162 654 3227 florenos
669 3177 807 3236 annuos,
824 3169 856 3226 et
872 3178 970 3241 super
985 3159 1079 3225 bonis
1096 3155 1292 3233 marchionis

201 3261 379 3342 Bergcnsis
392 3262 549 3328 ducentos
560 3261 702 3327 florenos
716 3277 851 3335 annuos,
867 3277 964 3340 super
976 3259 1071 3324 bonis
1083 3259 1123 3324 de
1136 3256 1293 3337 Mastaing

201 3359 344 3424 reditum
362 3369 489 3426 centum
507 3360 735 3442 quinquaginta
751 3360 947 3425 florenorum
962 3371 1003 3436 et,
1022 3360 1104 3424 ultra
1119 3359 1190 3432 bos,
1209 3356 1292 3421 duos

202 3446 289 3523 alios
305 3459 428 3524 reditus
444 3459 674 3542 quinquaginta
689 3467 720 3524 et
735 3459 864 3540 triginta
879 3475 935 3523 sex
950 3457 1159 3523 florenorum.

248 3554 370 3630 Quibus
386 3557 511 3623 duabus
526 3557 612 3624 villis
627 3557 725 3630 idern,
743 3559 827 3638 quod
852 3557 923 3622 allis
939 3557 1019 3621 citra
1034 3557 1156 3621 dictum
1172 3569 1290 3618 annum

204 3655 300 3732 1578,
319 3657 505 3737 supervenit
520 3657 742 3733 intortunium,
759 3657 856 3721 altera
874 3673 913 3721 ex
935 3656 1131 3732 tot0‚altera
1147 3660 1291 3734 exparte

202 3753 409 3837 conflagrata,
430 3757 472 3820 ita
491 3755 527 3821 'ut
550 3773 588 3821 ex
610 3756 666 3820 illo
685 3765 833 3836 tempore
849 3756 957 3821 multis
981 3755 1074 3819 annis
1097 3753 1187 3829 nihil,
1207 3767 1291 3816 nunc

201 3853 379 3918 admodum
399 3869 532 3936 parvum
554 3865 739 3937 perceptum
763 3854 858 3918 luerit
873 3862 904 3919 et
925 3853 1047 3936 percipi
1063 3853 1177 3934 possit.
1196 3849 1291 3915 Redi-

202 3963 293 4018 tuum
312 3955 433 4020 solutio
449 3971 488 4020 cx
503 3972 543 4020 eo
558 3971 686 4036 quoque
701 3963 856 4034 tempore,
874 3953 938 4017 imo
960 3953 1171 4034 quorumdam
1194 3947 1290 4031 pluri·

200 4053 266 4116 bus
286 4051 381 4116 ctiam
402 4052 496 4118 annis
516 4062 588 4119 ante
610 4052 761 4128 cessavit,
786 4053 829 4117 ita
853 4061 885 4116 ut
907 4051 946 4116 ab
969 4051 1105 4116 ecclesia
1127 4048 1291 4114 Gandeusi

200 4150 383 4221 debeantur
398 4153 465 4217 lere
481 4151 734 4234 quinquemillia
750 4151 958 4226 florenorum,
978 4151 1016 4214 ab
1041 4149 1113 4214 aliis
1129 4148 1289 4213 redituum

199 4249 405 4316 debitoribus
421 4251 487 4316 lere
504 4268 560 4316 sex
575 4251 672 4315 millia
688 4251 896 4316 florenorum.
