3058 4952
747 432 935 497 -388-
1003 531 1007 538 Ι

337 594 541 660 Venerabilis
565 596 613 659 vir
628 597 779 662 dominus
801 607 833 662 et
855 599 1007 679 magister
1022 596 1162 660 loannes
1178 595 1264 669 Pels,
1280 593 1380 658 West·

298 694 414 776 phalus
429 693 468 757 ab
485 694 795 769 Recklinckhausem
810 695 905 776 hujus
922 694 1152 759 Universitatis
1168 693 1276 756 multis
1292 690 1381 754 annis

205 869 209 874 Ι
302 793 458 866 notarius,
482 809 521 857 ex
545 810 602 858 sua
625 793 821 874 parcimonia
848 793 953 858 omnia
980 793 1135 873 acquisita
1158 807 1216 856 sua
1242 791 1325 854 bona
1351 789 1380 850 in

302 907 386 954 anno
410 891 488 954 1584
511 892 670 957 convertit
695 892 727 954 in
754 892 923 974 collegium
952 909 1010 973 pro
1037 908 1101 956 uno
1127 891 1328 954 moderatore
1353 891 1382 950 ct

301 990 412 1054 decem
434 991 591 1054 burseriis
614 991 769 1056 studiosis
792 992 823 1054 in
840 991 974 1067 artibus
993 999 1023 1056 ct
1045 990 1168 1070 aequali
1193 987 1338 1068 portione
1353 985 1383 1046 in

300 1087 461 1168 theologia
491 1097 522 1152 et
548 1089 821 1168 jurisprudentia,
854 1107 892 1154 ex
922 1105 980 1154 sua
1009 1089 1146 1168 primum
1177 1085 1381 1168 cognatione.

304 1186 419 1251 deinde
434 1203 473 1250 ex
488 1204 546 1250 sua
562 1188 663 1268 patria
675 1197 729 1252 aut
740 1189 822 1253 locis
834 1187 1084 1260 circumvicinis,
1099 1196 1143 1257 et,
1156 1185 1220 1248 illis
1235 1182 1384 1248 deiicien-

304 1285 402 1360 tibus‚
421 1303 459 1350 ex
481 1287 600 1366 oppido
625 1288 827 1352 lovaniensi.
852 1287 914 1350 Pro
936 1303 1072 1367 quorum
1096 1283 1329 1349 sustentatione
1355 1279 1385 1342 in

304 1385 400 1450 bonis
416 1384 560 1464 ejusdem
584 1385 764 1450 fundatoris
786 1386 994 1450 inveniuntur
1012 1385 1141 1449 circiter
1163 1379 1313 1462 nongenti
1330 1379 1386 1442 llo·

305 1483 374 1548 reni
390 1483 487 1547 annui
503 1485 535 1545 in
551 1484 707 1548 reditibus
731 1493 858 1564 practer
873 1484 1003 1548 domum
1025 1481 1225 1563 collegialem
1248 1479 1342 1542 sitam
1358 1477 1387 1538 in

306 1581 409 1661 platea
438 1583 700 1658 Praedicatorum,
729 1591 761 1647 et
787 1583 907 1662 aliquot
937 1582 1054 1646 fundos
1086 1596 1186 1660 prope
1217 1576 1387 1642 Lovanium
1480 1649 1482 1658 ‚

308 1679 402 1744 sitos.
421 1680 479 1744 llic
494 1681 644 1744 fundator
658 1689 804 1745 mortuus
828 1689 878 1746 est
900 1681 932 1743 in
955 1696 1039 1744 anno
1055 1679 1147 1742 1584.
1166 1677 1233 1750 Quo
1250 1684 1387 1746 mortuo,

309 1778 417 1841 statim
433 1778 472 1841 ad
495 1779 774 1844 conservationem
798 1780 913 1843 domus
937 1776 1115 1858 collegialis
1130 1775 1286 1838 adversus
1302 1773 1388 1835 inso-

308 1875 438 1940 lentiam
455 1876 623 1940 militarem
640 1877 835 1941 constitutus
853 1885 903 1942 est
918 1877 949 1938 in
973 1893 1010 1940 ea
1030 1875 1181 1939 dominus
1196 1883 1227 1936 et
1242 1870 1391 1952 magister

309 1973 521 2056 Hieronymus
541 1977 715 2058 Bog'ardus
729 1976 904 2040 canonicus
916 1975 1106 2054 collegiatae
1118 1972 1276 2037 ecclesiae
1291 1969 1391 2033 sancti

310 2072 396 2137 Petri
412 2074 633 2149 Lovaniensis,
647 2074 845 2154 afundatore
858 2075 1041 2139 nominatus
1054 2073 1177 2152 primus
1191 2069 1389 2150 praesidens.

311 2169 371 2244 Qui
386 2171 456 2236 suis
471 2174 621 2252 expensis
636 2184 668 2238 et
683 2191 756 2238 cum
772 2191 829 2238 sua
846 2172 1036 2254 supellectili
1049 2173 1179 2236 domum
1195 2167 1390 2248 collegialem

313 2270 403 2334 solus
419 2271 522 2350 primo
532 2271 672 2335 triennio
688 2272 886 2346 inhabitavit,
900 2282 932 2336 et
944 2272 1005 2336 hoc
1017 2279 1131 2351 quarto
1146 2285 1230 2332 anno
1245 2283 1318 2330 curn
1332 2281 1391 2328 uno

313 2368 460 2434 bursario
483 2369 637 2433 inhabitat
659 2371 730 2435 sine
753 2371 818 2435 ullo
841 2387 899 2450 pro
923 2370 1027 2450 primo
1052 2367 1193 2432 triennio
1216 2365 1392 2445 stipendio;

311 2483 370 2546 pro
386 2467 448 2532 hoc
464 2477 577 2548 quarto
593 2485 688 2543 anno,
709 2479 874 2549 assumpto
893 2485 956 2534 uno
972 2469 1133 2541 bur-sario,
1151 2475 1226 2530 sunt
1243 2465 1288 2528 illi
1305 2464 1395 2544 quin-

311 2567 460 2646 quaginta
477 2568 603 2642 floreni,
617 2579 649 2632 et
661 2568 808 2632 bursario
825 2568 978 2648 assignati
995 2567 1206 2651 quadraginta
1218 2563 1351 2638 ssorcni;
1368 2567 1396 2624 et

313 2672 497 2743 expectatur
512 2683 550 2730 ex
566 2665 765 2744 Westpbalia
782 2667 944 2731 secundus
959 2666 1139 2730 bursarius.
1158 2650 1280 2735 Quibus
1296 2661 1396 2724 trihus

313 2762 418 2827 dictus
434 2765 616 2829 moderator
630 2765 770 2830 declarat
785 2783 821 2829 se
843 2769 902 2830 has
925 2782 1068 2830 summas
1091 2763 1279 2829 satisfacere
1304 2775 1396 2842 posse

313 2877 351 2925 ex
367 2862 557 2941 quibusdam
573 2863 729 2927 reditibus
747 2873 777 2928 et
793 2859 899 2928 bonis.

354 2959 416 3024 Sed
432 2961 571 3040 plurium
586 2960 806 3025 bursariorum
822 2963 999 3042 assumptio
1012 2962 1155 3026 nondum
1169 2967 1219 3024 est
1234 2956 1396 3040 possibilis

313 3066 444 3136 propter
467 3065 512 3121 tot
535 3059 627 3122 annis
649 3059 777 3122 dilatam
800 3059 959 3123 redituum
982 3060 1189 3132 solutionem,
1211 3055 1395 3138 praesertim

313 3171 330 3217 a
358 3155 499 3219 statibus
526 3157 725 3230 Brabantiae,
759 3174 857 3235 super
882 3158 999 3237 quibus
1029 3158 1179 3222 fundator
1205 3151 1398 3234 comparavit

315 3252 374 3316 660
397 3253 538 3318 florenos
560 3271 703 3329 annuos;
720 3270 759 3318 ex
774 3272 910 3334 quorum
933 3265 964 3320 et
985 3257 1121 3320 aliorum
1138 3271 1202 3319 non
1220 3254 1395 3318 solutorum

314 3351 473 3415 redituum
496 3351 605 3416 debito
627 3353 747 3416 dictum
773 3354 944 3435 collegium
967 3355 1005 3418 ad
1033 3355 1166 3418 formam
1192 3371 1209 3416 a
1232 3353 1397 3416 fundatore

313 3451 552 3531 praescriptam,
571 3452 689 3516 nedum
705 3452 830 3516 restitui
846 3471 903 3518 seu
925 3455 1069 3534 perduci,
1087 3471 1199 3518 verum
1224 3453 1316 3517 etiam
1332 3465 1397 3512 am-

316 3547 448 3627 plificari
465 3560 585 3628 posset.

358 3645 443 3720 Quae
459 3659 564 3711 autern
580 3648 656 3711 huic
678 3649 814 3730 collegio
836 3667 875 3714 ex
900 3651 1033 3732 reliquis
1057 3642 1216 3715 debentur
1233 3649 1324 3714 etiam
1342 3661 1396 3726 pro

317 3745 451 3808 maxima
467 3756 557 3826 parte
573 3747 605 3808 in
621 3747 686 3810 vita
701 3747 881 3812 fundatoris
897 3750 1077 3814 ascendunt
1093 3751 1132 3814 ad
1148 3748 1230 3811 9400
1246 3748 1395 3812 florenos.

360 3843 547 3908 provisores
570 3844 666 3924 hujus
688 3846 812 3927 collegii
838 3859 914 3912 sunt
935 3848 1080 3928 primarii
1107 3849 1171 3912 duo
1199 3847 1396 3927 professores

319 3956 429 4004 sacrae
444 3943 625 4023 theologiae
641 3954 672 4006 ct
684 3944 767 4024 juris
783 3946 943 4010 canonici.

360 4039 496 4119 (Eatruit
511 4041 552 4102 du
566 4049 691 4122 rapport
702 4061 757 4104 our
772 4042 851 4107 l’dtut
873 4045 926 4107 des
945 4046 1073 4126 colliqes
1095 4046 1132 4108 de
1154 4040 1343 4109 l'Uniuersite'
1362 4040 1397 4100 de

317 4138 456 4202 Lounuin
471 4156 507 4200 en
524 4139 628 4218 1589).
