3130 4942
559 517 563 531 .
662 560 667 574 Ι
716 495 880 557 ..14-

714 617 722 646 ἱ

252 676 301 730 our
330 677 438 722 urssau
464 677 656 722 utneuonnuu
686 677 861 723 curusmcm
882 677 988 722 unusrs
1022 675 1174 734 nouorum,
1203 678 1236 722 er
1264 679 1341 724 uano

251 775 321 821 oum
344 776 493 834 suliulam,
521 777 597 830 QUAE
626 775 694 822 POST
724 775 959 822 rmusuarloneu
975 775 1205 822 olsnurarlouuil
1231 777 1337 822 SABBA·

249 874 408 921 teruncium
436 875 473 920 ΑΙ)
503 874 629 920 scuotns
658 874 886 930 runotooonuu,
905 874 1053 932 PUBLICAS,
1083 875 1103 920 A
1133 875 1353 928 Qunnnndlurn'

250 973 382 1018 ulamma
397 973 483 1018 amuis
504 974 540 1018 ΕΤ
559 973 637 1018 MODO
658 973 713 1018 EST
732 973 806 1018 adua
829 974 941 1030 uatum
970 973 1025 1019 HOC
1051 974 1227 1020 EXOELLEN'H
1252 976 1337 1020 noui·

251 1071 338 1128 licio,
355 1071 431 1123 QUOD
451 1071 590 1116 secuntur
605 1071 702 1116 tuenti
717 1071 753 1115 ΑΒ
768 1070 875 1127 HORTO,
903 1071 1072 1128 Decouavm,
1098 1071 1336 1118 andevotnnrlnn

250 1167 285 1216 ET
317 1170 517 1216 amaritudinis
547 1167 622 1215 endo
647 1169 792 1215 JOVENTUS
825 1168 944 1214 melotus
981 1169 1113 1216 colunum
1140 1171 1240 1216 seueri
1275 1172 1336 1217 SPI-

146 1246 150 1254 ’
248 1267 332 1314 nnus
358 1267 489 1314 rcuconr
511 1267 539 1313 ru
565 1269 636 1313 utro
651 1268 727 1313 anuo
749 1269 781 1312 u.
800 1267 829 1312 n.
853 1268 881 1313 c.
898 1269 1005 1316 xxxin.

289 1349 402 1414 Petrus
419 1349 554 1423 Gortrel,
576 1349 823 1412 archidiaconus
846 1357 877 1412 et
902 1349 1078 1414 cononicus
1101 1339 1327 1425 Tornacens'iS,

248 1447 357 1528 quiet
374 1447 447 1528 maji
467 1446 546 1509 toto
571 1446 679 1511 vivere
695 1445 800 1522 desiit,
824 1446 910 1510 aliud
933 1447 1114 1512 aedificium
1138 1447 1177 1510 ad
1195 1447 1333 1528 plateam

249 1545 419 1625 Praepositi
440 1547 449 1624 (
460 1545 541 1609 forte
557 1545 611 1610 ubi
625 1543 703 1608 olim
719 1546 834 1610 domus
854 1545 938 1610 dicta
952 1546 1107 1626 Hollcnd)
1128 1545 1331 1623 instauravit,
1388 1586 1392 1595 ·
1413 1563 1417 1569 “

249 1651 280 1708 et
291 1644 330 1707 ad
346 1661 439 1709 usum
452 1659 586 1708 suorum
602 1643 823 1709 bursariorum
838 1645 967 1726 aptavit,
985 1654 1081 1726 atque
1098 1645 1172 1710 ideo
1188 1661 1333 1709 commu·
1400 1637 1404 1641 ’

248 1741 331 1807 niter
352 1742 533 1808 aedilicium
562 1743 684 1809 Cortrel
710 1743 893 1808 vocabatur.
922 1743 984 1808 Sed
1011 1752 1043 1810 et
1062 1744 1222 1808 hocannc
1250 1744 1346 1807 1111·
1426 1787 1428 1790 -

248 1857 321 1906 cum
343 1841 415 1906 aliis
430 1841 620 1924 quibusdam
636 1841 798 1907 veteribus
821 1841 975 1908 aedificiis
990 1843 1190 1908 destructum
1206 1843 1276 1920 fnit,
1301 1855 1333 1908 et

147 2000 149 2003 ,
248 1958 288 2005 ex
325 1957 434 2006 earum
475 1941 657 2016 ruderibus,
692 1941 972 2006 communitatibus
1001 1942 1164 2032 nonnullis
1196 1941 1332 2022 ipsaque

152 2042 155 2048 ’
248 2039 397 2105 facultate
424 2039 604 2122 theologica
631 2056 725 2120 opem
755 2039 943 2116 ferentibus,
971 2040 1102 2106 emersit
1127 2040 1329 2122 splendidum

248 2138 445 2215 aedificium,
484 2140 570 2221 quod
590 2137 738 2204 meream
773 2156 889 2204 versus
911 2139 1135 2220 conspicitur,
1173 2139 1331 2204 cubiculis

247 2237 442 2304 scholarium
457 2238 592 2320 ipsoque
607 2238 727 2303 sacello
742 2236 945 2302 instructum.
958 2236 1122 2302 AEdificari
1138 2237 1217 2302 illud
1232 2232 1329 2318 coep·

246 2346 313 2401 tum
339 2342 389 2401 est
414 2336 483 2400 suo·
496 2319 635 2400 Antonio
661 2335 870 2412 Parmentier,
908 2336 1035 2418 collegii
1056 2335 1216 2418 praeside,
1244 2352 1329 2402 anno

248 2433 389 2508 111111
414 2434 474 2498 sub
501 2433 569 2515 eius
585 2449 778 2500 successore
792 2433 914 2500 Ioanne
930 2435 1102 2500 Francisco
1124 2434 1255 2516 Stoupy,
1274 2433 1328 2514 qui

246 2532 428 2600 aedilicium
452 2533 549 2608 aliud,
577 2533 685 2598 minus
710 2533 839 2616 quidem
866 2535 923 2599 sed
945 2535 1086 2615 elegans,
1108 2551 1181 2598 com
1203 2533 1327 2614 porticu

249 2637 280 2695 ct
295 2630 423 2712 collegii
445 2639 548 2712 porta,
565 2631 616 2695 cui
638 2648 753 2696 versus
775 2647 883 2696 aream
905 2631 1090 2712 impositum
1112 2631 1173 2695 hoc
1191 2632 1331 2696 clirono-

151 2767 154 2772 -
172 2715 178 2732 ’
247 2729 415 2810 graphon:
432 2731 599 2794 ranesllllo
615 2730 758 2794 erlalrUs
777 2730 887 2794 sanGrl
903 2729 1191 2796 OousUcnclilMUS
1216 2731 1330 2809 (1151),
1370 2744 1375 2754 ·

247 2826 392 2893 construi
409 2827 541 2904 curavit,
559 2828 752 2908 completum
767 2829 838 2893 fuit.

205 2971 212 2986 .
286 2927 406 2992 Versus
442 2923 623 3002 meridiem,
658 2943 715 2992 seu
742 2928 957 2993 inter-aream
987 2927 1114 3009 collegii
1141 2917 1273 3008 majoris
1298 2935 1332 2991 et

245 3041 352 3090 aream
367 3025 494 3107 collegii
510 3026 656 3101 minoris,
674 3042 692 3090 o
707 3025 810 3090 ruinis
826 3026 941 3091 domus
955 3026 1118 3098 Ludovici,
1135 3024 1327 3100 fundatoris,

245 3126 445 3192 aedificatum
461 3133 510 3191 est
524 3141 609 3191 anno
625 3125 717 3202 1611,
742 3127 803 3191 sub
819 3127 968 3207 praeside
988 3126 1157 3191 Guilielmo
1172 3122 1327 3210 Fabritjm

245 3224 460 3300 relectorium,
478 3224 530 3290 cui
545 3241 660 3288 versus
676 3225 804 3289 hortum
821 3225 971 3306 contigua
989 3232 1058 3289 erat
1072 3223 1190 3288 culina.

283 3323 371 3387 inter
386 3321 591 3386 refectorium
602 3329 634 3386 ct
644 3323 779 3403 plateam
794 3323 967 3404 Praepositi
982 3321 1069 3400 (illud
1085 3321 1124 3384 ab
1148 3323 1209 3385 hac
1224 3321 1327 3401 platea

205 3435 206 3440 ’
243 3419 282 3483 30
301 3420 430 3485 circiter
455 3419 591 3501 pedibus
620 3420 769 3485 dissitum
796 3426 872 3498 erat)
895 3420 963 3484 visa
987 3420 1116 3485 luerunt
1142 3420 1181 3484 ad
1208 3425 1326 3515 annum

244 3517 440 3600 usquamst
456 3519 611 3599 quaedam
624 3528 731 3584 vetera
746 3519 902 3596 aedilicia,
919 3535 1001 3600 quae
1016 3528 1082 3583 tum
1098 3519 1158 3583 sub
1177 3517 1326 3600 praeside

241 3616 364 3682 Ioanne
385 3616 452 3680 Van
468 3617 526 3696 der
546 3617 679 3682 Aowera
690 3617 840 3682 demolita
856 3617 958 3692 luere,
976 3625 1007 3682 et
1021 3617 1219 3694 inchoatum,
1236 3617 1324 3698 quod

244 3731 330 3779 nunc
345 3713 526 3780 aedificium
542 3715 704 3781 ret'ectorii
721 3715 916 3780 nominatur.
958 3760 963 3773 ,

283 3812 364 3876 'lum
378 3828 464 3878 anno
485 3813 578 3888 1169,
598 3813 658 3878 sub
674 3815 787 3880 eodem
804 3815 952 3894 praeside
972 3813 1094 3880 loanne
1108 3813 1175 3877 Van
1191 3813 1249 3880 der
1260 3815 1325 3878 Au-

241 3926 341 3987 wera,
355 3909 389 3974 in
403 3911 509 3986 horto,
522 3929 639 3978 versus
656 3912 920 3994 septentrionem,
935 3919 1133 3978 exstructum
1149 3921 1199 3978 est
1214 3911 1327 3978 aedilt-

242 4009 326 4074 cium
355 4009 565 4091 longitudinis
595 4010 723 4076 circiter
756 4010 814 4073 too
850 4011 985 4091 pedum,
1013 4027 1031 4075 a
1064 4012 1184 4076 sacello
1214 4026 1326 4077 versus

242 4107 443 4174 occidentem
472 4126 509 4176 se
538 4109 726 4175 extendens.
753 4109 812 4174 Hic
840 4118 933 4175 antea
959 4109 992 4173 in
1021 4110 1119 4174 fondo
1145 4115 1215 4178 erat
1242 4108 1327 4175 ovile

241 4207 380 4290 collegii,
398 4207 567 4292 eidemque
592 4208 748 4290 quaedam
774 4208 921 4274 cubicula
937 4225 976 4274 ex
1001 4207 1088 4290 ligno
1108 4219 1198 4273 erant
1213 4222 1326 4288 super·

242 4313 375 4374 structa.
