3130 4942
522 500 524 508 ,
640 419 803 487 -er-

219 583 317 645 XXX.
332 582 422 660 1183,
441 583 482 647 le
495 585 581 666 maji,
599 591 673 666 posl
688 579 1260 660 1111111111111111111,1111111

179 681 361 746 anacrseus
375 681 437 746 Vna
454 701 490 746 11
506 683 618 759 Vanae,
636 701 676 748 ex
691 683 845 759 Beveren,
863 682 896 746 S.
912 683 948 746 T.
964 683 1078 748 doctor
1097 701 1212 766 regens
1228 696 1259 750 et
1331 742 1334 750 .

179 779 356 868 professor,
381 786 457 858 ete,
480 797 520 846 ex
544 781 691 862 praeside
714 781 841 863 collegii
863 779 1042 847 Hollandici
1065 775 1187 848 electus
1210 791 1259 848 est

177 877 273 959 huius
288 877 417 960 collegii
434 879 563 961 maioris
579 897 713 960 praeses
729 879 779 958 ll).

259 1109 455 1173 Fuudutores
469 1109 634 1174 bursarum
649 1111 682 1172 iu
697 1109 819 1190 colleplo
833 1111 943 1190 majori
958 1089 1174 1192 tueolopor'um.
1213 1183 1218 1193 ‚
1335 1156 1338 1159 Α

187 1245 194 1256 ’
217 1284 394 1388 Collegium
410 1294 515 1354 aulem
531 1289 593 1354 hoc
614 1261 850 1372 theologorum,
864 1289 950 1371 jacto
975 1289 1026 1355 sic
1038 1288 1173 1354 feliciter
1187 1289 1259 1355 iun·

173 1385 326 1450 dumento
360 1401 378 1449 a
415 1385 577 1452 Ludovieo
606 1389 652 1453 De
681 1387 772 1470 Ryke‘
798 1388 931 1470 ejusque
967 1387 1104 1470 conjuge
1138 1388 1259 1454 Judoca

12 1475 14 1564 ἶ
59 1521 61 1526 ,
173 1483 215 1549 de
227 1483 339 1560 Puteo,
355 1483 435 1549 varii
451 1485 604 1566 deinceps
619 1479 770 1552 dotarunt
786 1494 817 1553 et
832 1487 1073 1552 fundationibus
1089 1484 1257 1563 auxerunt,

173 1581 435 1664 academiamque
450 1583 500 1663 vel
516 1583 651 1650 maxime
666 1586 728 1651 hoc
743 1586 839 1650 modo
855 1586 1069 1661 stabilierunt,
1088 1585 1142 1666 qui
1162 1603 1260 1666 prop-
1321 1613 1323 1622 v

173 1687 262 1746 terea
277 1679 371 1746 laude
387 1698 445 1746 soa
460 1681 636 1748 frustrandi
652 1699 716 1750 non
732 1693 817 1748 sunt.
835 1683 873 1746 Hi
890 1690 995 1748 autem
1011 1683 1101 1750 luere
1119 1703 1126 1748 :

219 1811 248 1874 1.
273 1810 448 1878 Ludooiuue
472 1811 518 1875 De
542 1811 642 1892 Rpolue
667 1811 801 1894 eiusque
830 1811 947 1894 conjux
977 1811 1175 1893 supradicti,
1206 1813 1259 1894 qni

174 1915 305 1991 praeter
326 1907 458 1972 landum
481 1915 513 1974 et
534 1896 679 1975 aedificia
703 1909 922 1992 suprascripta
943 1909 1141 1991 reliquerunt
1155 1910 1259 1976 varios

174 2007 342 2081 redditus,-
364 2007 507 2072 valentes
533 2023 638 2072 annue
663 2008 702 2072 80
728 2008 859 2077 eireiter¹
883 2009 1025 2074 florenos
1052 2025 1110 2089 pro
1136 2017 1285 2090 septern

169 2105 284 2170 ¹bursis
311 2121 369 2170 seu
400 2105 609 2186 praebendis;
637 2113 812 2192 octavaque
837 2107 943 2188 portio
968 2106 1081 2172 relicta
1106 2116 1173 2172 erat
1201 2124 1259 2188 pro

172 2203 392 2272 celebratione
407 2203 579 2270 missarum
594 2204 626 2266 in
643 2204 728 2269 dieto
745 2205 893 2286 collegio.
911 2207 1032 2269 Buraue
1051 2205 1119 2269 VII.

12 2323 14 2414 ξ
96 2402 98 2408 ,
217 2333 1025 2411 1.]1111111111111111111111,1111111111,
1053 2322 1167 2400 artium
1194 2347 1258 2398 mu-

174 2431 288 2514 gister,
306 2431 485 2524 presbyter,
502 2449 540 2497 ex
556 2432 729 2499 secretario
751 2433 861 2514 oppidi
883 2432 1142 2523 Buseoducensis
1156 2433 1259 2498 laetos

174 2529 351 2595 canonicus
367 2531 468 2595 saneti
488 2531 619 2596 loannis
641 2531 674 2594 in
696 2530 810 2596 eodem
832 2531 962 2614 oppido,
981 2538 1170 2597 testamento
1186 2548 1257 2608 suo,
1347 2561 1348 2564 ¹

174 2629 259 2709 quod
272 2635 323 2694 est
338 2628 378 2694 de
392 2629 431 2692 30
447 2629 573 2711 augusti
590 2629 796 2696 1461111111
811 2647 851 2695 ex
864 2629 995 2694 residuo
1011 2646 1142 2694 suorum
1158 2629 1259 2694 bono·

173 2741 255 2801 rum,
273 2727 390 2792 solutis
413 2727 527 2808 legatis
548 2735 625 2804 etc,
642 2727 758 2792 bursas
781 2725 873 2809 erigi.
892 2726 1039 2808 obiitque
1055 2727 1159 2792 dictus
1177 2728 1260 2791 liar«

171 2823 261 2888 tinus
276 2824 408 2888 Lovanii
423 2826 466 2891 vii
481 2825 555 2890 idus
572 2826 633 2904 (die
649 2829 677 2906 1)
693 2825 886 2907 septembris
903 2825 1000 2901 1468;
1025 2833 1260 2906 erexeruntque

173 2923 319 3006 eiusdem
334 2927 516 2992 testamenti
532 2937 731 3004 executores,
749 2935 822 3008 post
837 2925 961 2991 obiturn
982 2925 1111 2990 Henrici
1126 2924 1203 2988 dicti
1218 2925 1260 2989 de

174 3023 361 3100 Zoemeren,
377 3024 502 3090 Martini
518 3024 657 3104 nepotis,
671 3025 703 3088 S.
716 3025 751 3087 T.
764 3023 909 3090 doctoris
924 3028 956 3088 et
969 3022 1177 3104 professoris,
1193 3021 1258 3085 v-ita

175 3121 276 3188 functi
291 3123 331 3186 14
346 3125 472 3206 augusti
489 3124 580 3200 1411,
597 3140 681 3190 anno
697 3124 776 3188 1418
798 3124 850 3190 die
871 3123 910 3188 ll
933 3121 1068 3204 januarii
1088 3122 1195 3185 duleus
1210 3123 1256 3186 ll.

12 3207 14 3284 {
104 3267 107 3272 ’
213 3253 246 3318 3.
270 3254 446 3318 Eueruruluc
468 3254 505 3318 de
527 3253 659 3330 Zwollls,
677 3250 1257 3336 1131111111111111011111,Κεῖοι,

175 3367 233 3416 ceu
249 3352 410 3434 Falconis,
428 3351 507 3417 obiit
522 3369 606 3417 anno
622 3352 715 3428 1411,
731 3353 763 3416 11
778 3351 861 3416 testo
883 3361 1014 3416 sanctae
1032 3340 1176 3432 Agnetis
1193 3347 1258 3413 vir-

174 3449 269 3530 ginis,
287 3450 400 3526 relicta
415 3449 602 3516 fundatione
619 3451 753 3515 duarum
776 3449 946 3515 missarum
962 3449 995 3512 in
1015 3447 1152 3530 collegio
1169 3447 1259 3514 theo-
1359 3447 1363 3452 '

174 3548 333 3630 logorum.
352 3537 430 3614 Vide
443 3558 592 3631 regentes
608 3549 766 3614 Falconis.

215 3675 246 3740 4.
272 3677 789 3754 11ἰὲ11111111111111111111111
804 3675 1023 3754 lovaniensis,
1040 3692 1120 3741 uxor
1135 3673 1258 3740 domini

174 3775 308 3842 Walteri
330 3777 370 3842 de
391 3777 541 3843 Berthem
560 3776 712 3858 junioris,
728 3777 812 3842 inter
833 3775 896 3848 alia
918 3775 1021 3860 legata
1042 3774 1159 3858 legarit
1173 3791 1258 3840 anno

207 3953 251 4026 (1)
273 3952 401 4026 Voyenla
415 3955 514 4020 notice,
527 3973 560 4011 en
574 3955 657 4012 sorau
670 3954 702 4012 de
712 3953 901 4028 discumque
913 3971 980 4012 nous
993 3972 1074 4012 avone
1088 3952 1202 4028 publice,
1214 3970 1258 4008 sar

175 4045 203 4101 lu
215 4047 256 4102 vie
269 4048 297 4102 et
308 4046 347 4102 lea
360 4064 488 4118 ouvrages
506 4047 538 4104 de
556 4048 763 4121 dean-Frenpois
778 4048 839 4105 Van
857 4047 891 4105 de
903 4045 998 4116 Velde,
1019 4047 1086 4104 dans
1104 4037 1260 4102 innuerim

178 4135 209 4190 de
221 4134 391 4192 l’Uuu'ueraile
403 4137 557 4209 carnotique,
572 4137 657 4198 1865.
