3090 4956
621 475 809 538 -513—

169 640 301 704 dimidia
317 641 383 705 lere
398 641 496 719 hora;
521 657 585 723 quo
601 649 745 722 tempore
767 649 907 706 extrema
932 639 1081 704 unctione
1096 637 1249 715 munitus

168 740 274 820 impos
289 739 452 820 loquendi,
470 740 664 805 obdormivit
681 740 712 802 in
736 739 884 804 bomine.
904 737 939 800 lu
963 737 1162 818 philosophia
1180 753 1249 816 pro·

169 847 276 902 motus
292 837 393 901 luerat
408 839 545 901 honesto
562 838 633 902 loco
649 838 681 900 in
697 838 808 913 lineis;
828 835 1007 917 theologiae
1020 837 1113 916 lunge
1127 835 1250 899 felicius

168 951 300 1016 operam
317 935 451 1000 deditio
468 936 604 1016 collegio
623 936 700 1016 Baji.
718 937 820 1016 thue
836 943 904 1020 erat
928 934 1056 1015 ingenio
1079 933 1250 998 admodum

169 1044 275 1108 acuto,
300 1035 360 1097 sub
383 1033 497 1098 eximio
521 1035 651 1097 domino
673 1035 759 1098 illius
782 1033 909 1114 collegii
934 1032 1081 1113 praeside
1104 1031 1251 1096 licentiae

168 1133 303 1212 gradum
317 1149 441 1196 summa
457 1149 528 1196 cum
544 1133 638 1198 laude
654 1133 848 1214 adeptusest
863 1130 1051 1206 3111101109,
1067 1131 1248 1194 113313111-

169 1230 248 1304 bris,
268 1231 447 1310 mansitque
462 1231 507 1292 illi
523 1231 712 1312 dignissimo
729 1231 809 1304 viro,
827 1247 921 1311 quem
945 1229 1030 1294 fatali
1046 1229 1101 1292 illo
1116 1244 1252 1306 vespere

168 1328 274 1392 adbuc
289 1328 453 1402 inviserat,
472 1329 565 1393 unice
587 1346 693 1394 carus.
711 1328 937 1394 Canonicatum
954 1327 1056 1392 sancti
1073 1326 1155 1390 l'etri
1172 1325 1253 1390 obti-

68 1463 70 1470 ·
171 1426 241 1490 nuit
265 1427 304 1490 ab
320 1427 390 1490 aula
408 1443 494 1491 mero
511 1427 626 1491 intuitu
643 1429 769 1492 virtutis
785 1427 1026 1506 doctrinaeque,
1053 1425 1211 1506 quaejam
1235 1439 1252 1486 a

170 1525 271 1589 multo
298 1534 441 1604 tempore
463 1541 519 1604 per
542 1525 653 1590 orbem
676 1527 771 1606 longe
796 1525 921 1605 lateque
943 1523 1090 1604 cognitae
1112 1524 1251 1586 suerunt.

169 1623 271 1688 bellet
283 1624 454 1703 capitulum
470 1623 556 1687 veris
571 1624 720 1704 lacrymis
736 1625 855 1687 obitum
868 1623 939 1697 viri,
954 1616 1018 1702 quo
1034 1637 1127 1685 nemo
1144 1620 1252 1684 dexte·

168 1723 249 1795 rius,
267 1737 361 1785 nemo
376 1721 538 1784 lubentius
555 1721 623 1801 eius
640 1723 767 1802 negotia
782 1721 868 1785 domi
890 1721 1031 1800 lorisque
1049 1717 1250 1798 procurabat.

169 1820 257 1884 ldem
277 1818 346 1899 jura
363 1818 544 1882 academica
561 1820 729 1884 defensare
752 1821 933 1900 plusquam
949 1821 1030 1882 alius
1049 1817 1251 1882 academicus

156 1917 324 1982 terrebat.
343 1917 430 1980 Idem
448 1918 534 1996 pacis
549 1928 616 1981 crat
640 1919 732 1982 unice
751 1919 927 1992 studiosus,
945 1917 1093 1986 omuibus
1115 1915 1252 1978 blandus

169 2016 259 2080 vultu
272 2015 515 2095 colloquioque;
533 2016 589 2080 sed
607 2017 659 2080 ubi
671 2033 707 2079 se
720 2017 813 2080 dabat
828 2017 968 2089 occasio,
984 2016 1078 2079 etiam
1094 2013 1251 2089 consiliio,

171 2129 281 2194 opera,
300 2129 335 2177 re
351 2113 508 2187 familiari,
525 2115 714 2193 praesertim
731 2131 900 2194 pauperae,
914 2114 1091 2195 adjuvabat.
1107 2113 1140 2175 ln
1153 2112 1253 2176 choro

171 2211 452 2298 diligentissimus,
471 2211 604 2291 insuper
626 2229 735 2277 sacras
753 2212 976 2277 confessiones
996 2213 1027 2274 in
1047 2212 1147 2276 sancti
1172 2210 1254 2274 Petri

170 2309 360 2390 excipiebat,
379 2311 596 2374 sanandorum
612 2311 791 2376 animorum
808 2327 931 2375 summa
943 2327 1020 2375 cura
1036 2319 1129 2391 atque
1144 2310 1256 2374 indus-

172 2408 244 2472 tria.
264 2407 533 2488 Doctrinamejus
549 2417 644 2490 atque
660 2409 838 2473 lacuudiam
859 2409 1015 2489 usquead
1032 2416 1167 2472 mortem
1191 2415 1254 2471 tes·

170 2514 277 2570 tantur
294 2517 359 2569 tum
380 2506 586 2570 doctissimae
604 2507 774 2581 lectiones
792 2524 871 2588 quas
887 2507 981 2598 dabat
1003 2507 1034 2570 io
1060 2507 1143 2570 dicta
1161 2497 1253 2585 peril-

170 2605 265 2670 lustri
287 2605 424 2680 abbatia,
443 2616 508 2669 tum
529 2606 692 2670 orationes
717 2622 811 2685 quam
835 2605 1000 2686 plurimae,
1018 2614 1050 2670 et
1065 2603 1254 2685 praesertim

171 2719 292 2783 nupera
308 2703 347 2767 de
363 2703 510 2767 laudibus
527 2704 627 2768 sancti
641 2703 821 2783 Augustini,
838 2719 932 2784 quam
949 2720 1072 2776 omnes,
1089 2702 1142 2783 qui
1164 2699 1254 2764 audi·

171 2810 304 2876 verunt,
334 2813 367 2866 ut
393 2802 611 2866 admirandam
637 2803 914 2883 depraedicarunt.
943 2802 1103 2866 Facilitate
1130 2815 1254 2863 morum

174 2909 307 2966 suorum
330 2900 501 2980 plerosque
526 2900 586 2963 sibi
610 2916 762 2980 proceres
778 2899 889 2980 Belgii,
907 2915 944 2963 ac
960 2899 1129 2980 praecipue
1151 2897 1255 2961 eccle·

173 2999 336 3074 siasticos,
351 2999 507 3063 demeruit
518 2999 568 3062 vel
585 3009 783 3078 protectores
794 2999 845 3062 vel
862 2999 993 3090 amicos.
1007 2995 1254 3073 Quatuordecim

173 3098 290 3163 abhinc
306 3114 433 3161 meuses
450 3113 580 3176 praeses
596 3098 717 3162 electus
733 3097 859 3178 collegii
876 3097 1021 3173 deviari,
1037 3097 1160 3160 tantillo
1175 3106 1253 3160 tem·
1326 3139 1330 3148 .

174 3197 263 3278 poris
286 3197 389 3275 spatio
412 3197 553 3275 paternis
576 3196 644 3260 suis
661 3197 747 3259 curis
771 3195 869 3260 terme
892 3196 1029 3260 restituit
1053 3212 1131 3259 rem.
1149 3194 1255 3258 Abivit

175 3293 297 3359 moritis
313 3309 406 3374 quam
422 3301 524 3358 aetate
539 3294 648 3373 duplo,
668 3303 700 3357 ut
715 3293 853 3370 videtur,
870 3294 1061 3358 maturior...
1077 3315 1093 3352 1

214 3488 250 3550 V.
275 3486 405 3549 loturus
420 3488 482 3550 Vm
498 3487 552 3560 Er,
569 3487 823 3567 antuerpiensis,
840 3504 924 3552 anno
948 3489 1025 3551 llll
1042 3487 1212 3552 inertibus
1235 3505 1253 3551 e

141 3657 143 3660 .
174 3586 311 3650 Falcone
340 3585 425 3662 350¹,
453 3601 565 3649 sacrae
595 3585 774 3666 theologiae
800 3587 1028 3651 baccalaureus
1055 3587 1208 3649 formatus
1237 3600 1254 3647 a

175 3685 213 3748 19
230 3683 311 3765 junii
329 3683 408 3746 1119
425 3693 534 3763 pastor
550 3685 587 3747 ad
604 3694 750 3749 serrulam
767 3685 951 3769 Micbadlem
969 3685 1099 3750 Lovanii
1115 3695 1146 3750 ct
1160 3685 1256 3750 colle·

175 3783 216 3864 gii
236 3780 332 3862 buius
348 3799 492 3862 praeses,
511 3792 705 3848 memoratur
721 3793 754 3847 ut
769 3785 892 3848 intrans
909 3784 1066 3848 facultatis
1085 3785 1199 3848 artium
1215 3784 1254 3847 ad

175 3881 357 3962 eligendum
370 3889 526 3946 rectorem
543 3899 653 3947 meuse
665 3883 826 3948 februario
843 3883 934 3946 1111.
949 3883 1064 3954 Factus
1080 3900 1162 3948 anno
1176 3883 1255 3948 1131

175 3979 275 4060 partis
301 3979 561 4059 septentrionalis
588 3980 758 4060 parochiae
783 3981 976 4046 cathedralis
1003 3981 1114 4046 beatae
1138 3981 1255 4047 llariae

176 4077 315 4160 Virginis
333 4077 526 4158 Antverpiae
541 4079 708 4159 plebanus
726 4097 789 4160 quo
804 4080 954 4145 discessit
969 4080 1114 4145 kalendis
1130 4080 1256 4145 februa·

176 4177 216 4241 rii
232 4176 323 4240 1133.
341 4173 428 4239 Obiit·
444 4177 637 4256 Arrtrcrpiae
658 4178 676 4240 d
699 4179 826 4260 augusti
848 4179 1088 4254 11611131313
1111 4177 1255 4244 anniver-
