3058 4952
769 409 953 473 -398—

322 577 570 658 consanguineis
586 577 761 656 amicisque
777 575 846 640 suis
866 575 897 638 in
913 577 973 638 lrac
996 573 1165 639 Academia
1187 575 1394 650 studentibus,

321 696 378 743 seu
394 677 541 740 inchoata
558 676 632 738 alibi
649 675 754 739 studia
776 675 808 737 iu
833 676 928 744 domo
951 675 1011 738 hac
1035 674 1187 755 prosequi
1205 674 1393 749 volentibus;

320 777 359 840 iis
374 791 450 839 vero
467 773 701 844 deficientibus,
715 781 808 837 vocat
824 782 916 838 natos
933 773 964 834 in
981 773 1099 853 oppido
1114 773 1284 838 Montensi.
1302 773 1395 836 Porro

320 873 424 938 studia
440 872 478 935 ab
494 872 534 936 iis
550 871 771 952 amplectenda
787 870 955 953 designat:
970 871 1085 935 artium
1102 871 1305 950 praesentim,
1320 871 1395 951 iuris

320 989 358 1036 ac
374 971 563 1045 medicinae,
581 985 714 1048 quorum
733 969 777 1032 uti
801 976 832 1032 et
854 969 980 1049 collegii
1003 969 1239 1048 inspectionem
1257 968 1395 1032 concedit

319 1070 409 1134 fratri
426 1087 484 1144 suo
502 1069 665 1147 Plrilippo;
683 1068 831 1132 extinctis
847 1076 952 1134 antem
969 1068 1135 1148 ingemere
1152 1086 1209 1132 seu
1226 1067 1351 1141 familia,
1365 1074 1394 1131 ut

320 1177 446 1244 vocant,
464 1168 655 1232 haeredibus
668 1167 832 1242 masculis,
847 1168 1032 1246 provisores
1046 1184 1082 1231 ac
1095 1175 1250 1248 patronos
1264 1167 1394 1230 nominat

322 1267 467 1334 seniores
483 1267 565 1330 duos
588 1265 709 1346 patriae
731 1265 868 1330 civitatis
892 1265 1053 1341 66661666,
1072 1271 1103 1331 61
1119 1265 1279 1330 seniorem
1296 1264 1393 1345 syndi-

321 1383 393 1432 cum
410 1383 466 1430 seu
484 1365 734 1445 pensionarium.
752 1363 898 1428 Ceterum
914 1365 1085 1445 collegium
1102 1365 1188 1428 omni
1211 1364 1286 1428 dote
1301 1363 1392 1427 caruit

322 1467 360 1529 ad
383 1480 501 1527 annum
525 1479 626 1543 usque
648 1462 740 1538 1636,
758 1462 885 1543 quando
906 1463 1102 1536 Montenses,
1120 1471 1213 1542 pacto
1230 1462 1308 1526 inito
1329 1477 1390 1525 cum

322 1564 350 1626 1.
368 1562 523 1642 Sauvaige
538 1567 569 1625 et
588 1561 625 1622 Α.
642 1560 807 1626 llalvoisin
832 1560 1011 1640 (dequibus
1034 1577 1107 1625 mox
1130 1561 1247 1639 latius),
1265 1576 1391 1625 annuum

313 1661 521 1738 ¹florenorum
538 1659 699 1740 sexaginta
722 1666 911 1740 proventum
934 1658 1150 1722 instaurandis
1174 1659 1306 1724 aedibus
1328 1675 1390 1738 pro-

323 1767 494 1832 curarunt;
510 1773 634 1837 unaque
649 1765 842 1822 conventum
859 1763 908 1820 est
919 1757 1055 1838 collegio
1069 1757 1222 1837 deinceps
1238 1756 1390 1820 Montensis

291 1936 294 1942 ι
326 1874 441 1922 66666
455 1857 683 1921 adhaesurum.
696 1871 767 1920 cum
781 1863 873 1920 antea
886 1855 1054 1936 collegium
1070 1855 1204 1919 loannis
1217 1856 1257 1921 de
1269 1857 1389 1920 Bievcne

327 1956 456 2036 saepius
472 1954 697 2034 appellaretur.
715 1953 826 2032 ltaque
842 1953 1010 2034 collegium
1033 1953 1157 2018 nedum,
1173 1954 1247 2019 dote
1269 1955 1388 2018 instruc·

327 2063 393 2118 tum
416 2060 567 2117 rexerunt
589 2068 645 2116 seu
668 2051 886 2116 inhabitarunt
906 2059 967 2116 etc.
993 2051 1387 2128 (86116166116166111666

328 2153 519 2238 presidente).
534 2173 551 2209 u
567 2150 612 2214 lta
627 2150 755 2220 Puouor.

420 2367 449 2428 l.
476 2364 644 2428 Fundation
663 2365 819 2444 primitive
841 2365 877 2428 de
898 2367 976 2430 1666
997 2366 1034 2429 66
1055 2366 1195 2430 6116666.
1219 2365 1308 2428 1696.

370 2543 412 2610 Ge
427 2545 473 2608 sut
488 2561 531 2608 un
549 2543 697 2618 11661616,
714 2543 790 2609 1666
803 2545 843 2609 66
858 2544 1006 2618 Bievene,
1026 2547 1158 2612 docteur
1174 2547 1210 2612 es
1226 2548 1332 2620 droits,
1345 2543 1385 2625 qui

328 2643 423 2708 16666
445 2643 475 2707 16
498 2641 622 2723 college
643 2643 683 2707 de
705 2636 796 2708 11666
819 2660 876 2724 par
891 2653 961 2709 acte
983 2646 1222 2710 testamentaire
1244 2643 1387 2725 6661616

319 2741 461 2805 169611
483 2741 565 2804 avait
590 2739 640 2805 616
663 2757 774 2820 promu
798 2759 836 2806 au
859 2743 1004 2808 doctorat
1025 2760 1064 2807 en
1086 2740 1387 2826 1666166666

320 2839 381 2918 ¹ete
396 2855 566 2902 assesseur
577 2853 619 2901 vau
637 2839 758 2902 conseil
774 2839 814 2904 de
831 2839 980 2915 Hainaut,
994 2840 1015 2902 il
1029 2841 1074 2906 fut
1087 2842 1215 2907 nomme
1226 2841 1392 2924 prolesseur

331 2938 371 3002 de
387 2937 473 3001 droit
488 2935 505 2999 6
522 2937 660 3000 louvain
683 2944 713 3000 et
735 2938 894 3002 chanoine
910 2938 951 3002 du
967 2938 1110 3020 chapitre
1132 2940 1172 3004 de
1196 2939 1392 3004 saint-Pione

332 3054 371 3101 66
396 3038 426 3099 16
454 3035 556 3100 meme
577 3036 663 3110 ville,
680 3045 711 3100 et
735 3046 863 3101 mourut
888 3037 917 3102 le
942 3040 956 3101 1
978 3037 1082 3119 juillet
1103 3039 1238 3106 169611
1262 3038 1347 3121 legua
1365 3052 1393 3100 sa

332 3134 454 3198 maison
482 3149 563 3212 pour
588 3133 691 3198 servir
714 3132 755 3197 de
780 3133 942 3215 logement
966 3133 983 3199 6
1009 3136 1187 3218 vingt-sept
1209 3137 1324 3212 eleves,
1339 3145 1394 3215 etp

331 3231 443 3296 allecta
474 3247 535 3294 une
564 3231 707 3296 dotation
734 3247 773 3295 en
801 3232 893 3296 biens
919 3249 1036 3298 ruraux
1062 3243 1093 3299 et
1119 3245 1303 3312 aureolos,
1333 3250 1397 3299 sans

331 3329 542 3411 cependanty
558 3327 649 3393 creor
663 3328 722 3394 des
738 3329 874 3394 bourses
890 3329 1044 3396 d'etudes.
1061 3332 1086 3395 ll
1102 3333 1232 3398 institua
1249 3353 1291 3399 un
1307 3332 1397 3416 presi·

332 3427 409 3497 dent
423 3426 542 3507 charge
556 3425 596 3491 de
611 3425 641 3490 16
656 3425 812 3492 direction
830 3428 869 3492 du
886 3427 1013 3511 college
1036 3447 1043 3493 :
1067 3431 1096 3494 la
1118 3432 1237 3512 qualite
1252 3433 1292 3498 de
1307 3432 1399 3513 pretre

334 3524 410 3589 etait
425 3525 455 3588 la
477 3525 567 3590 seule
589 3525 751 3591 condition
768 3527 900 3607 requise
923 3545 1003 3608 pour
1019 3545 1151 3595 exercer
1166 3546 1223 3596 ces
1238 3532 1398 3597 fonctions.

333 3622 437 3704 apres
452 3623 481 3686 la
497 3631 581 3688 mort
596 3623 637 3688 66
653 3623 807 3704 Philippo,
824 3642 883 3690 son
906 3626 1001 3702 frere,
1019 3636 1050 3692 61
1072 3627 1089 3692 6
1113 3628 1220 3694 delam
1235 3629 1402 3695 d'lreriticrs

334 3720 436 3787 66166
450 3721 530 3786 6666
543 3739 577 3789 66
590 3722 720 3798 familie,
733 3723 764 3788 le
775 3723 897 3806 college
913 3725 1018 3790 devait
1033 3726 1123 3792 avoir
1134 3745 1216 3810 pour
1228 3728 1403 3810 proviseurs

335 3827 366 3884 et
381 3828 514 3899 patruus
538 3821 586 3885 les
609 3820 691 3886 deux
713 3820 786 3902 plus
807 3823 939 3888 ancicns
955 3823 1105 3892 eonevins
1121 3827 1197 3892 6116
1213 3828 1285 3908 plus
1300 3827 1403 3892 ancien

334 3916 462 3997 greffier
477 3918 516 3983 de
532 3917 561 3982 la
576 3919 651 3985 ville
667 3920 707 3985 de
722 3919 824 3989 lions.

378 4015 422 4080 [16
440 4015 530 4091 1636,
548 4015 565 4080 e
581 4016 675 4082 letter
690 4018 731 4083 66
746 4017 870 4084 donner
886 4037 948 4086 une
969 4021 1189 4106 organisatiou
1211 4024 1368 4090 definitive
1388 4021 1403 4085 6

315 4123 388 4188 ,cet
418 4113 680 4190 etahlissement,
710 4116 758 4183 166
792 4115 978 4197 proviseurs
1007 4120 1147 4188 6661616
1179 4121 1407 4204 approurerent
