3100 4938
724 410 909 474 -tau-

276 574 402 638 navarit
413 589 556 654 operam,
572 581 604 638 ut
620 574 753 656 collapsi
770 571 896 656 collegii
911 575 1061 644 decorem
1074 573 1308 654 redintegraret
1324 571 1361 650 (t)

276 687 398 754 suaque
420 672 576 737 industria
600 689 638 736 eo
661 689 729 740 rem
752 673 913 754 perduxit,
939 681 972 738 ut
995 689 1059 737 non
1082 679 1202 737 tantum
1226 671 1363 752 pristino

275 770 385 836 decori
402 771 620 836 fundationem
637 772 824 847 restituerit,
842 773 897 837 sed
916 771 1086 852 plurimum
1109 780 1142 836 et
1157 769 1314 842 aediliciis
1332 777 1364 834 et
1424 825 1427 828 .

275 869 370 933 bonis
387 869 480 933 etiarn
496 860 727 952 postmortem
744 869 878 947 auxerit,
895 871 937 934 ita
953 878 987 934 ut
1003 887 1068 935 non
1084 869 1181 935 modo
1200 876 1362 953 restaura·

276 976 339 1043 tor,
363 968 421 1033 sed
439 969 560 1050 absque
575 968 693 1033 invidia
709 969 858 1034 tundator
877 969 951 1050 jure
965 969 1142 1050 nuncupari
1165 968 1281 1049 possit.
1297 968 1363 1032 Nec

277 1065 356 1130 solis
373 1067 424 1131 his
436 1067 523 1132 curis
539 1067 787 1142 distrahebatur,
803 1068 859 1132 sed
875 1069 907 1131 in
920 1067 1089 1148 quibusvis
1104 1066 1213 1130 arduis
1225 1066 1265 1129 ab
1282 1066 1363 1130 alma
1406 1141 1409 1144 ¹

277 1165 493 1232 Universitate
510 1165 731 1241 adhibebatur,
750 1167 1003 1248 praecipuaeque
1018 1174 1126 1246 partes
1147 1165 1177 1228 ei
1192 1164 1365 1230 demanda·

277 1263 404 1328 bantur.
422 1264 487 1330 Sub
510 1282 547 1330 ea
568 1272 713 1346 tempora
735 1264 918 1356 erigebatur
932 1264 1135 1346 splendidum
1158 1281 1196 1328 ac
1219 1262 1365 1344 magnifi-

277 1379 349 1427 cum
376 1363 590 1430 bibliothecae
614 1364 815 1428 academicae
841 1363 1034 1440 aedificium,
1055 1379 1138 1443 opus
1164 1379 1254 1437 sane,
1280 1361 1365 1442 quod

276 1463 387 1542 plures
410 1463 593 1544 requirebat
614 1463 870 1544 expertissimos,
891 1463 944 1544 qui
969 1462 1096 1544 dignam
1118 1459 1267 1526 aedilicio
1290 1460 1364 1525 huic

276 1559 411 1624 formam
436 1561 548 1626 darent
570 1570 601 1628 et
624 1561 663 1628 ad
680 1567 823 1642 optatum
846 1560 941 1626 finem
958 1561 1187 1641 perducerent;
1209 1559 1268 1624 sed
1292 1557 1364 1640 quia

276 1658 448 1740 unicuique
464 1660 565 1741 probe
581 1668 655 1725 nota
672 1668 740 1724 erat
754 1659 824 1740 eius
839 1659 1012 1730 dexteritas
1029 1658 1107 1724 etin
1123 1657 1184 1722 hac
1199 1657 1280 1722 aede
1294 1672 1365 1738 per·

276 1756 459 1837 spicaeitas,
486 1758 538 1822 uni
566 1758 698 1822 domino
721 1757 826 1822 Ghion
854 1757 974 1828 eredita
1001 1757 1060 1822 luit
1084 1757 1165 1821 haee
1188 1754 1364 1834 provincia.
1418 1826 1426 1837 ,

276 1857 387 1937 Neque
402 1856 520 1921 fiducia
537 1857 649 1922 lelellit
664 1856 922 1932 Universitatem,
941 1855 1097 1937 probante
1112 1871 1223 1936 opere.

316 1954 547 2020 Canorrieatum
570 1955 602 2018 in
618 1954 793 2019 cathedrali
813 1954 924 2018 beatae
940 1954 1057 2018 Mariae
1072 1951 1213 2033 Virginis
1226 1951 1364 2015 Antver-

276 2053 348 2132 piae
363 2052 546 2118 obtinuerat
561 2053 702 2134 quidem,
720 2052 776 2117 sed
797 2069 970 2133 numquam
985 2051 1122 2128 resedit;
1148 2050 1225 2115 item
1241 2049 1276 2112 in
1300 2048 1365 2114 col-

275 2150 390 2230 legiata
403 2151 466 2216 divi
483 2151 568 2217 Petri
581 2151 723 2217 Lovanii.
737 2153 882 2221 Selectos
894 2150 1109 2216 bibliothecae
1123 2165 1201 2214 suae
1212 2147 1365 2212 authores

274 2249 482 2315 Universitati
499 2249 570 2330 ipse
584 2250 696 2315 virens
711 2250 854 2315 donarit.

315 2347 469 2421 Viromni
485 2365 605 2430 genere
619 2349 772 2416 virtutum
788 2354 938 2424 ornatus;
955 2347 1063 2414 vultus
1079 2345 1108 2410 ei
1124 2343 1240 2420 comis,
1256 2342 1364 2409 candi·

275 2447 336 2510 dus
356 2454 388 2510 et
402 2447 577 2528 benignum
603 2465 710 2514 sermo
726 2447 850 2525 hilaris,
867 2463 1040 2524 arnoeuus;
1065 2444 1231 2511 urbanitas
1246 2442 1365 2518 natira,

275 2544 315 2608 ab
341 2544 428 2608 omni
455 2545 528 2610 ioco
551 2545 673 2623 aliena;
700 2542 868 2612 lidus¹erat
889 2553 922 2611 et
947 2543 1105 2610 studiosis
1127 2541 1267 2616 amicus,
1293 2553 1367 2622 erga

276 2641 409 2721 quosvis
423 2639 608 2713 ,officiosus
631 2652 665 2712 ut
687 2645 804 2726 qui.ad
826 2644 909 2709 bene
931 2642 1120 2710 merendum
1142 2641 1183 2705 de
1206 2638 1365 2721 proximo,

275 2750 428 2820 quantum
452 2749 573 2823 posset,
599 2750 708 2808 natum
731 2760 768 2808 se
790 2746 927 2824 putaret.
952 2741 1044 2806 Pacis
1067 2749 1099 2806 et
1124 2735 1366 2820 tranquillitatis

264 2839 527 2916 amantissimos,
537 2857 665 2906 ornnem
679 2856 808 2906 eausam
825 2841 965 2905 rixarum
978 2837 1229 2905 etdissidiorum
1242 2831 1366 2902 sumnia

276 2953 353 3000 cura
368 2937 518 3018 fugiebat,
705 3001 709 3012 ,

271 3069 277 3077 -
316 3035 456 3100 'landem
483 3035 699 3113 infirmitatem
727 3037 981 3118 ingravescentis
1010 3035 1124 3103 aetatis
1149 3033 1310 3107 sentiens,
1337 3037 1366 3094 et

276 3134 443 3199 asthmatis
466 3143 496 3199 et
512 3135 667 3215 hydropis
690 3136 859 3200 doloribus
875 3152 1064 3217 oppressos,
1083 3133 1144 3198 soli
1162 3133 1231 3197 Deo
1254 3144 1366 3195 vacare

276 3233 422 3308 studens,
440 3233 567 3315 collegii
584 3233 752 3315 regimine,
770 3235 919 3300 substitui
936 3234 998 3300 sihi
1014 3233 1205 3299 desiderans
1225 3227 1366 3295 clarissi-

203 3349 206 3354 ’
276 3345 362 3394 mum
378 3331 411 3393 C.
428 3331 466 3394 A.
484 3332 616 3412 Maiore,
633 3332 661 3395 J.
679 3331 716 3395 U.
734 3332 912 3407 doctorem,
930 3331 1145 3412 omnibusque
1160 3328 1267 3394 seculi
1282 3325 1368 3392 curis

276 3445 310 3492 se
331 3429 428 3506 exuit,
446 3439 478 3495 et
500 3447 538 3494 ex
560 3431 621 3495 hac
643 3431 707 3495 vita
730 3431 876 3498 discedet
898 3431 937 3494 24
960 3427 1263 3513 novembris-1739,
1289 3427 1368 3491 hora

276 3526 399 3591 decima
429 3529 627 3608 vespertina,
661 3530 772 3594 aetatis
802 3547 886 3595 anno
916 3529 981 3605 800,
1011 3527 1143 3594 condito
1173 3533 1369 3592 testamento

277 3625 313 3686 ll
331 3627 514 3692 novembris
530 3627 609 3691 1738
626 3644 734 3692 coram
750 3629 784 3692 F.
803 3629 935 3694 Gilbert.

318 3722 459 3788 Fratrem
476 3726 585 3790 habuit
598 3725 646 3791 vel
659 3727 821 3791 sororium
832 3728 898 3791 N...
912 3719 1086 3802 Charliers,
1101 3723 1247 3806 supremi
1261 3719 1373 3787 eonci-

277 3818 310 3880 lii
327 3819 515 3888 Brabantiae
530 3833 713 3890 senatorem
728 3834 760 3890 et
774 3813 962 3892 advocatum
980 3824 1135 3890 fiscalem.
1177 3829 1180 3834 “
1228 3862 1240 3873 -

317 4013 357 4082 (1)
384 4037 395 4061 u
411 4013 536 4071 Prudenti
550 4018 701 4077 oeconomia
718 4036 772 4074 rem
786 4016 891 4090 collegii
906 4020 981 4076 auxit
1000 4018 1100 4092 atejus
1115 4017 1204 4073 villam
1219 4016 1253 4074 de
1267 4013 1379 4086 Raspol
1449 4063 1453 4070 .

279 4099 421 4175 collapsam
434 4105 554 4178 ampliori
568 4108 651 4164 forma
665 4109 833 4169 restaurarit.
846 4133 859 4160 u
877 4111 944 4166 Note
958 4111 988 4167 ds
1001 4111 1117 4183 Paquot.
