3014 4946
694 443 734 454 -
756 408 880 472 386¹—

246 573 426 653 theologiae
452 583 484 638 et
510 588 677 638 sacrorum
707 577 865 640 canonum
893 569 1071 652 respective
1098 569 1265 634 doctorem
1297 584 1337 632 ac

246 673 474 754 professorem.
492 671 537 734 Ita
555 670 622 734 fere
637 671 709 736 th.

289 865 435 930 Ceterum
452 865 484 928 in
500 864 674 946 praecitato
690 872 879 932 testamento
895 867 1044 946 leguntur
1059 864 1225 945 sequentia
1243 884 1250 928 :

288 988 304 1022 u
320 964 452 1030 [teclaro
467 980 578 1027 verum
594 980 680 1037 csse,
694 963 780 1044 quod
792 964 852 1028 sim
866 974 959 1028 natus
975 963 1007 1026 in
1023 963 1143 1042 oppido
1159 963 1331 1044 Rechling-

246 1062 338 1127 husia
364 1063 396 1126 in
419 1062 627 1143 westphalia,
654 1063 736 1126 ultra
763 1064 919 1138 Rhenum,
950 1063 1010 1127 suh
1033 1062 1256 1142 iurisdictione
1279 1077 1331 1126 ar·
1380 1073 1382 1076 ·

247 1161 444 1242 chlepiscopi
460 1160 673 1235 coloniensis,
691 1178 730 1226 ex
750 1161 871 1226 loanne
887 1163 1014 1236 Daems,
1031 1161 1120 1226 fabro
1136 1161 1280 1240 lignario,
1300 1170 1332 1224 et

248 1261 370 1324 funera
398 1276 458 1323 vau
486 1259 614 1336 Samen,
643 1268 748 1324 stante
778 1276 889 1325 eorum
916 1260 1137 1338 matrimonio;
1169 1260 1330 1338 quodque,

247 1360 333 1424 dicto
359 1359 481 1424 Joanne
507 1368 596 1439 patre
622 1368 760 1436 mortuo,
790 1370 890 1424 mater
917 1376 997 1434 inea,
1025 1359 1165 1439 quinque
1189 1359 1332 1438 prolibus

247 1467 390 1532 onerata,
415 1473 466 1520 me
488 1456 658 1522 difficulter
684 1457 770 1522 alere
791 1458 913 1532 valens,
938 1457 1106 1522 collocavit
1132 1458 1213 1537 apud
1238 1473 1331 1521 suum

248 1556 478 1621 consobrinum
495 1555 655 1637 quondam
672 1557 859 1637 magistrum
875 1556 1027 1622 loannem
1042 1556 1127 1632 Pels‚
1141 1556 1332 1621 canonicum

248 1653 332 1733 apud
355 1660 499 1718 sanctum
524 1653 718 1752 salvatorem
741 1655 774 1716 in
796 1654 982 1734 ultrajecm,
1001 1654 1054 1737 qui
1077 1654 1110 1718 in
1131 1661 1333 1720 sacramento

170 1783 175 1794 ·
247 1753 502 1819 confirmationis
532 1763 660 1828 astans,
693 1770 810 1820 nomen
840 1753 969 1820 Henriei
1001 1753 1077 1816 mihi
1112 1752 1144 1815 in
1173 1752 1333 1832 baptismo

248 1852 356 1916 datum
373 1854 496 1916 curavit
512 1852 626 1916 mutari
643 1852 676 1915 in
693 1869 810 1918 nomen
825 1853 957 1917 loannis
974 1870 1045 1918 cum
1063 1869 1122 1918 suo
1139 1851 1332 1932 cognomine

159 2025 164 2034 Ι
248 1950 334 2016 Pels.
351 1973 367 2008 n

156 2131 158 2136 ,
292 2051 335 2114 lte
351 2048 497 2130 praeside
513 2049 740 2114 constituendo
757 2067 813 2131 per
830 2049 1016 2130 provisores
1039 2050 1080 2114 ita
1102 2050 1134 2114 in
1158 2049 1333 2130 praecitato

249 2155 439 2213 testamento
462 2149 613 2213 statuitur
637 2166 644 2212 :
669 2149 803 2214 «Unum
826 2149 984 2229 siquidem
1008 2149 1240 2214 moderatorem
1257 2148 1332 2214 volo

249 2245 405 2310 burseriis
424 2262 585 2326 pracesse,
603 2264 717 2328 nempe
733 2248 933 2312 sacerdotem
948 2257 1091 2311 maturae
1104 2247 1215 2312 aetatis
1231 2245 1333 2312 incul-

250 2351 405 2424 pataeque
420 2345 514 2418 vitae,
533 2345 586 2426 qui
602 2346 753 2410 familiam
770 2346 830 2410 soit
845 2346 1035 2427 gubernare,
1054 2363 1118 2410 non
1134 2345 1333 2410 licentiatum

249 2450 303 2508 aut
319 2443 484 2508 doctorem
501 2443 703 2522 superiorum
720 2445 916 2510 facultatum.
934 2443 1031 2524 Cuius
1043 2444 1170 2524 quidem
1187 2443 1334 2508 nomina-

251 2542 370 2607 tionem
387 2550 418 2606 et
433 2543 668 2609 institutionem
691 2543 906 2624 infrascriptis
929 2543 1151 2622 provisoribus
1167 2541 1335 2610 committo

250 2651 280 2705 et
297 2643 452 2708 concedo.
463 2665 480 2700 »
496 2642 618 2706 Deinde
634 2642 839 2723 prosequitur
854 2649 1080 2708 testamentum
1095 2659 1102 2704 :
1117 2641 1336 2706 «Provisores

251 2739 380 2804 nomino
397 2741 568 2820 primarios
590 2741 792 2822 professores
815 2741 999 2806 facultatum
1022 2756 1133 2806 sacrae
1155 2739 1336 2822 theologiae

250 2847 282 2904 ct
296 2838 378 2919 juris
394 2839 539 2904 canonici
560 2839 592 2902 in
616 2841 675 2904 hac
696 2839 911 2905 Universitate
933 2839 1123 2905 Lovaniensi
1138 2838 1333 2905 residentes.

250 2938 298 3002 Do
313 2937 360 3001 eis
377 2937 602 3008 authoritatem
618 2937 784 3002 bursarios
800 2937 987 3004 instituendi
1003 2947 1035 3004 et
1050 2937 1255 3013 destituendi,
1274 2954 1337 3001 uu-

251 3053 374 3101 merum
386 3037 607 3101 bursariorum
621 3053 679 3117 pro
692 3047 759 3102 rata
771 3037 929 3102 bonorum
942 3038 1078 3118 augendi
1090 3036 1140 3101 vel
1157 3036 1333 3111 minuendi,

251 3151 371 3214 poenas
394 3140 585 3200 statutorum
610 3135 907 3216 transgressoribus
930 3136 1106 3216 infligendi,
1124 3135 1184 3199 alia
1207 3151 1337 3216 quoque

251 3241 369 3300 statuta
385 3233 466 3298 ultra
483 3233 680 3314 praescripta
696 3251 916 3315 quaecumque
932 3235 1116 3300 necessaria
1128 3243 1158 3300 ct
1176 3234 1264 3298 utilia
1277 3250 1337 3312 pro

251 3332 335 3396 bona
358 3333 528 3412 disciplina
551 3333 773 3398 bursariorum
796 3341 828 3398 ct
850 3333 1065 3400 moderatoris
1087 3332 1259 3407 condendi,
1276 3331 1333 3396 do-

252 3447 337 3494 mum
361 3432 554 3510 praedictam
577 3432 740 3508 visitandi,
764 3432 908 3496 defectus
931 3432 1124 3512 corrigendi,
1149 3440 1336 3510 computum

250 3538 458 3595 executurum
474 3539 505 3596 et
521 3532 734 3596 moderatoris
751 3531 914 3606 audiendi,
931 3531 1131 3595 examinandi
1148 3539 1178 3594 et
1201 3530 1335 3595 conclu·

250 3627 558 3694 dendihxecutores
569 3637 673 3694 autem
687 3629 971 3710 hujustestamenti
984 3630 1114 3694 nomino
1127 3629 1338 3694 honorandos

250 3725 338 3792 viros
355 3728 542 3809 magistrum
558 3729 788 3810 Hieronymum
803 3728 936 3809 Bogarz,
954 3728 1110 3793 ecclesiae
1125 3727 1229 3792 sancti
1251 3729 1339 3792 Petri

250 3826 381 3890 Lovanii
408 3827 620 3906 capellanum,
644 3835 675 3892 et
697 3827 853 3892 loannem
869 3827 1004 3900 Wamel,
1029 3826 1187 3890 notarium
1214 3827 1339 3890 domini

249 3925 489 3989 conservatoris
501 3925 737 4003 Universitatis
751 3935 840 3992 etc...
856 3927 916 3991 Pro
932 3925 1036 4006 primo
1052 3934 1156 3989 autem
1173 3925 1335 3992 dictorum

251 4022 470 4090 studiosorum
501 4024 703 4090 moderatore
738 4025 869 4091 nomino
905 4025 1080 4105 praefatum
1110 4022 1274 4088 dominum
1304 4031 1339 4089 et

251 4121 438 4202 magistrum
456 4122 682 4203 Hieronymum
699 4122 832 4205 Bogarz.
848 4144 865 4181 v
