3014 4946
491 461 493 465 ·
573 440 753 503 *303-

136 601 376 679 lundationihus
391 612 422 668 et
434 604 612 680 diminutis
627 604 743 685 quihus
756 605 788 667 in
801 605 993 669 immensum
1007 607 1210 686 gravabatur,

134 701 287 765 ouerihus.
306 702 473 783 Singulare
496 703 528 764 in
550 703 726 767 formandis
748 703 950 767 alumnorum
975 703 1119 768 morinus
1142 713 1211 769 erat

133 799 1208 883 eistudiumdisciplinamqueimpenseohservaricurabatltlirum

13 891 14 980 ᾖ
132 899 161 960 in
174 899 299 964 modum
316 901 476 980 ingenuus
493 909 524 964 44
539 900 706 974 candidus,
724 907 834 979 aperte
850 907 881 964 44
897 901 1001 980 palam
1018 902 1211 966 sententiam
1327 937 1329 942 ,

13 1007 15 1018 “
131 997 289 1075 proferre
281 1016 343 1078 rpsr
360 999 505 1066 solemne
526 999 603 1075 furt
628 1015 667 1063 cx
688 1015 755 1062 ons
772 999 974 1063 facundiae
962 999 1115 1080 ingenii
1133 1017 1208 1065 acu

13 1121 14 1198 r
132 1095 208 1160 mine
224 1105 255 1160 44
271 1097 464 1161 amoenitate
480 1104 659 1177 promptus

13 1243 14 1276 3
164 1195 295 1260 Animus
311 1196 340 1260 ei
365 1203 432 1260 erat
458 1196 497 1259 ad
524 1196 722 1260 doctoralem
751 1196 938 1277 dignitatem
962 1147 1075 1273 evehi;
1099 1215 1210 1262 rernm

13 1301 15 1374 ξ
129 1292 308 1359 domesticis
331 1294 481 1376 negotiis,
498 1294 602 1374 iisque
625 1295 837 1375 gravissimis,
855 1295 1031 1375 implicitus
1054 1312 1071 1359 a
1094 1305 1210 1378 coepto

13 1399 15 1412 ’
129 1391 278 1458 desistere
293 1401 497 1474 mentemque
513 1393 583 1456 aliis
598 1393 766 1458 intendere
782 1395 972 1474 compulsus
987 1401 1048 1459 est.

164 1490 253 1557 Anno
268 1493 350 1554 4744
366 1491 557 1556 4444444344
581 1498 613 1556 44
635 1491 817 1572 praehenda
841 1493 998 1558 ecclesiae
1023 1492 1210 1573 collegiatae

65 1629 68 1638 -
127 1588 185 1654 diri
213 1591 323 1655 Jaoohi
352 1590 483 1654 Lovanii
515 1590 652 1654 donatus
683 1597 742 1666 est,
774 1591 967 1672 negotiaque
997 1590 1126 1671 capituli
1156 1592 1208 1656 vel

13 1683 15 1776 [
127 1689 255 1755 maxime
271 1690 371 1754 ardua
386 1689 501 1754 direxit
516 1689 672 1754 hellurum
688 1695 845 1770 tempore,

13 1793 14 1808 ¹
162 1787 253 1854 Anno
269 1790 362 1864 4747,
381 1806 492 1854 meuse
507 1796 656 1870 augusto,
674 1789 857 1854 academiae
878 1797 984 1854 rector
1000 1789 1121 1853 electus
1137 1788 1207 1854 luit.

125 1885 204 1951 lnter
225 1904 314 1952 arma
336 1894 532 1952 rectoratum
555 1887 714 1968 intrepide
735 1887 855 1968 gessit3
878 1887 912 1949 in
934 1887 1052 1968 pusillo
1069 1903 1208 1965 corpore

125 2000 211 2050 mens
226 2002 352 2068 magna.
367 1987 446 2050 Tum
462 1994 493 2050 ct
509 1986 686 2074 34444749
701 1985 879 2050 amicorum
896 1993 1008 2066 rogatu
1026 1985 1208 2066 praesiden-

124 2083 195 2148 tiam
210 2085 339 2166 collegii
361 2083 456 2166 hujus
476 2083 611 2165 vigliani
635 2084 789 2164 suscepit,
807 2084 901 2165 eique
923 2084 1017 2150 solita
1042 2084 1210 2165 diligentia

13 2197 14 2200 ’
125 2198 158 2246 44
172 2191 274 2248 totum
291 2182 423 2258 dedidit,
444 2183 577 2264 ejusque
593 2183 855 2258 emolumentum,
874 2183 902 2247 44
919 2199 976 2263 per
992 2182 1088 2247 vitam
1102 2182 1210 2247 licuis-

13 2313 15 2360 p
124 2282 297 2363 set,procul
311 2281 408 2346 duhic
420 2280 577 2357 auxisset3
592 2281 757 2346 eratenim
769 2298 877 2346 rerum
889 2281 1065 2346 alienarum
1078 2297 1208 2360 parcus,

124 2395 251 2446 suarum
267 2397 344 2446 vero
367 2373 530 2461 profusus.
548 2380 606 2443 Ast
629 2387 831 2459 praematuro
854 2379 918 2455 lato
934 2397 952 2444 e
967 2379 1049 2444 vivis
1065 2380 1211 2444 sublatus

13 2521 14 2538 2
123 2487 169 2544 est
183 2479 316 2546 Lovanii
333 2479 372 2542 46
388 2477 493 2542 martii
509 2477 586 2540 4754
605 2477 664 2542 suh
690 2477 868 2552 meridiem,
886 2495 1029 2557 perenne
1045 2477 1095 2542 sui
1111 2479 1209 2543 relin-

13 2629 14 2632 ,
123 2595 220 2657 quens
235 2577 387 2643 omnihus
403 2575 613 2642 desiderium.

160 2678 336 2741 «Mortuus
351 2675 416 2740 xvii
437 2675 592 2739 kalendas
609 2673 720 2755 aprilis
740 2674 831 2750 4754,
857 2682 887 2738 44
910 2674 1085 2765 tumulatus
1102 2675 1160 2740 luit
1176 2675 1208 2738 in

122 2775 182 2840 divi
196 2776 308 2840 lacohi
328 2774 478 2840 eeclesia.
503 2774 624 2839 Eodem
648 2773 699 2838 die
721 2773 768 2836 illi
790 2775 948 2838 successit
975 2773 1012 2838 G.
1030 2775 1095 2838 Van
1124 2775 1209 2836 Lint-

123 2873 233 2940 houdt.
248 2898 266 2933 »
283 2874 330 2938 lta
346 2874 473 2944 Pnouor.

158 3073 244 3136 lllll.
263 3071 448 3135 Gunrnnnus
463 3089 520 3134 vnn
537 3069 717 3144 Lrnrnounr,
728 3067 885 3132 Bruxellis
901 3078 995 3132 natus
1011 3084 1095 3132 anno
1115 3067 1206 3142 4684,

121 3180 208 3251 patre
223 3169 411 3245 Francisco,
429 3176 531 3233 matre
547 3168 715 3232 domicella
731 3167 828 3230 Maria
844 3167 911 3229 Van
928 3166 1073 3243 Hamme,
1098 3166 1208 3231 literas

120 3270 328 3334 humaniores
344 3267 502 3332 Bruxellis
519 3258 629 3332 didicit
640 3275 672 3332 44
687 3267 771 3330 inter
786 3265 901 3329 artium
918 3265 1088 3346 magistros
1104 3282 1122 3330 4
1137 3281 1208 3346 pae-

119 3369 256 3451 dagogio
273 3367 342 3430 hihi
358 3383 442 3430 anno
463 3365 544 3428 4705
560 3374 727 3446 promotus
744 3377 793 3429 est
806 3365 884 3429 43⁸⁸.
903 3364 981 3429 Inde
996 3365 1078 3428 inter
1094 3381 1208 3429 sacrae

119 3467 303 3550 theologiae
319 3466 466 3530 alumnos
479 3464 611 3546 majoris
626 3463 755 3545 collegii
770 3464 993 3544 theologorum
1010 3463 1205 3544 adscriptus

119 3583 234 3644 sacrae
258 3563 439 3645 theologiae
466 3563 697 3628 baccalaureus
719 3562 887 3638 formatus,
912 3563 945 3624 in
976 3561 1112 3627 ecclesia
1139 3561 1204 3624 divi

13 3705 15 3720 ‹
120 3665 264 3740 Quintini
289 3662 420 3728 lovanii
443 3661 674 3737 confessarius,
698 3661 829 3726 domino
854 3661 985 3726 Raellen
1008 3665 1207 3741 pastoratum

118 3766 215 3848 huJus
239 3762 396 3829 ecclesiae
411 3761 582 3826 dimittenti
598 3777 682 3824 anno
698 3761 778 3824 4744
794 3762 888 3824 datur
903 3777 1086 3834 successor,
1107 3775 1208 3840 eaque

118 3864 228 3928 munia
251 3879 308 3942 per
324 3877 426 3924 annos
447 3859 499 3936 40,
517 3877 574 3924 444
597 3859 637 3922 ad
661 3859 753 3936 4744,
771 3875 834 3940 quo
857 3857 990 3935 dimisit,
1009 3857 1207 3923 zelosissime

116 3964 260 4046 peregit3
277 3971 344 4027 tum
360 3969 392 4025 et
407 3959 579 4024 Sororibus
590 3958 696 4040 Nigris
709 3959 791 4024 ultra
802 3958 932 4040 triginta
943 3974 1046 4024 annos
1063 3957 1205 4024 director

117 4062 374 4258 Prahegffillhh
403 4155 526 4222 inscius
551 4172 570 4220 a
596 4155 737 4237 capitulo
762 4155 855 4224 divae
877 4155 1021 4223 Gudulae
1047 4153 1207 4220 Bruxellis
