3130 4942
747 473 912 536 ..24-

287 637 407 703 scrinia
422 643 453 702 et
468 652 561 702 arcae
575 653 700 711 omnes,
718 634 832 700 ablatis
847 633 923 700 inde
937 649 974 700 ac
988 649 1006 700 e
1021 624 1089 698 toto
1109 631 1258 697 cubiculo
1274 647 1370 713 quae⁴

288 753 426 817 cumque
441 735 607 819 collubuit.
649 773 652 780 ι
1286 727 1293 740 ’

330 857 349 894 »
365 833 434 909 Quo
448 851 556 899 rerum
572 840 657 898 statu
672 848 744 896 cum
761 848 856 897 nemo
878 836 974 896 esset.
994 828 1048 924 qui
1070 827 1198 910 collegii
1220 827 1290 908 eius
1315 826 1373 906 lni-

288 933 404 997 mirum
426 932 566 1014 majoris)
590 947 699 996 curam
721 937 753 995 et
774 929 1005 1010 praefecturam
1029 927 1194 1009 suscipere
1207 927 1305 992 vellet
1318 935 1372 990 aut

289 1030 384 1096 ctiam
406 1029 550 1104 auderet,
575 1029 717 1098 Gravius,
736 1028 876 1102 tandem,
899 1026 1032 1091 alterius
1057 1025 1185 1106 collegii
1213 1025 1371 1103 (nimirum

289 1130 434 1208 minoris)
465 1127 665 1211 praesidens,
696 1128 804 1191 multis
834 1126 1031 1208 collegarum
1059 1141 1191 1189 suorum
1221 1123 1371 1204 precibus

185 1233 188 1240 ’
274 1225 438 1308 'fatigatus
453 1226 562 1291 induci
578 1243 614 1291 se
629 1224 747 1308 passus
763 1233 824 1300 est,
843 1234 877 1289 ut
891 1223 960 1305 eJ'us
980 1240 1107 1305 quoque
1123 1222 1371 1287 sollicitudiuem

289 1325 600 1406 praesidentiumque
623 1323 814 1404 susciperet.
831 1323 900 1398 Quo
923 1330 1056 1386 munere
1078 1329 1179 1385 totum
1202 1337 1372 1401 propemo-

290 1424 366 1488 dum
382 1440 500 1488 annum
516 1423 714 1504 perfunctus,
730 1439 802 1487 cum
815 1439 852 1486 se
866 1421 962 1485 tantis
978 1420 1159 1500 sumptibus
1175 1427 1208 1484 et
1222 1417 1372 1498 expensis

221 1531 223 1535 ·
291 1522 512 1602 molestiisque
524 1522 677 1602 imparem
693 1520 838 1596 sentiret,
851 1529 983 1584 coactus
999 1518 1127 1582 tandem
1141 1526 1191 1582 est
1206 1525 1374 1598 utrumque

293 1621 463 1702 collegium
479 1619 566 1702 regio
582 1619 767 1694 seminario,
784 1619 825 1683 de
838 1635 904 1700 quo
919 1610 1239 1693 alicubicollocando
1255 1633 1374 1696 oppor-

293 1730 370 1784 tune
392 1728 458 1784 tum
480 1719 635 1800 temporis
658 1719 822 1800 agebatur,
839 1717 1016 1782 concedere
1039 1732 1076 1780 ac
1098 1717 1236 1791 elocare,
1254 1724 1289 1780 ut
1312 1716 1373 1778 hac

294 1809 466 1883 occasione
481 1817 609 1880 militari
632 1825 762 1898 sumptu
783 1816 921 1880 liberare
942 1815 1114 1896 collegium
1130 1820 1252 1894 posset.
1270 1815 1374 1887 Quare

293 1916 328 1996 ip
350 1923 520 1996 angustum
541 1931 577 1979 se
592 1931 665 1978 cum
681 1914 750 1978 suis
773 1914 979 1988 contrahens,
996 1913 1072 1978 totis
1087 1929 1187 1994 prope
1210 1929 1267 1977 sex
1282 1911 1374 1974 annis
1430 1982 1431 1986 Ἴ

294 2013 329 2076 in
353 2022 496 2078 extremo
518 2011 651 2076 minoris
673 2012 800 2092 collegii
822 2013 910 2077 velut
931 2011 1047 2092 angulo
1063 2011 1166 2087 latuit,
1184 2027 1249 2074 non
1265 2009 1376 2090 paucis

294 2111 399 2176 adhuc
418 2111 603 2193 frequenter
626 2111 818 2176 militaribus
840 2110 1132 2176 contributionibus
1155 2109 1290 2190 aliisque
1305 2124 1375 2171 mo-

294 2209 397 2274 lestiis
413 2218 540 2290 praeter
557 2227 646 2292 spem
661 2227 699 2274 ac
714 2209 1094 2295 promissumobnoxius.
1153 2212 1158 2220 '

336 2309 509 2374 »Tandem
534 2327 612 2374 vero
642 2325 726 2372 anno
755 2308 881 2372 Domini
910 2308 1011 2383 lb8ss,
1043 2307 1123 2372 festo
1152 2302 1267 2370 na'talis
1294 2304 1400 2390 beati¹

294 2406 451 2483 loannis,
482 2407 678 2488 recuperatis
710 2407 785 2482 (alio
813 2405 1044 2486 commigrante
1072 2404 1245 2470 seminario
1274 2403 1377 2483 regio)

294 2492 463 2586 utriusque
485 2506 611 2587 collegii
634 2505 789 2570 aedificiis
810 2520 848 2568 ac
871 2504 1055 2570 subsecutis
1075 2503 1252 2569 vicinarum
1267 2502 1378 2590 civita·

293 2612 360 2666 tum
384 2602 614 2677 deditionibus,
637 2611 671 2667 ut
694 2603 831 2683 primum
851 2601 952 2682 recipi
973 2600 1092 2682 aliquid
1118 2617 1135 2664 a
1161 2599 1377 2668 creditoribus

293 2700 408 2780 potuit,
423 2701 569 2778 Gravius,
582 2701 784 2782 praesidens,
797 2701 974 2782 recepturis
990 2707 1063 2765 aute
1077 2700 1242 2764 biennium
1258 2698 1376 2764 mortui

293 2797 400 2863 officio
415 2798 555 2875 iunctus,
570 2807 656 2864 tanta
671 2799 899 2874 sollicitudine,
914 2799 1089 2879 diligentia,
1104 2798 1256 2863 instantia
1271 2798 1304 2860 in
1317 2797 1391 2872 hoc

294 2896 448 2971 incubuit,
478 2905 512 2962 ut
536 2898 736 2974 restauratis
764 2891 845 2978 quae
870 2897 969 2961 fracta
993 2914 1050 2978 per
1072 2897 1189 2961 milites
1217 2905 1248 2960 et
1270 2905 1373 2960 tractu

294 2978 449 3076 te‘mporis
464 2997 605 3078 collapsa
621 2997 758 3071 fuerant,
775 3003 806 3060 ct
821 2995 980 3060 dissoluto
997 3012 1071 3060 aere
1092 2995 1179 3059 omni
1200 2995 1316 3070 alieno,
1334 2995 1374 3058 ad

292 3093 356 3158 duo
382 3097 574 3179 etamplius
600 3095 698 3159 millia
723 3095 930 3170 florenorum,
954 3111 1017 3176 quo
1040 3101 1072 3159 et
1098 3093 1313 3158 creditoribus
1341 3101 1375 3156 et

268 3253 270 3258 .
293 3193 470 3273 recepturis
486 3193 669 3277 craesbekii
685 3193 877 3258 mortuariae
892 3193 1001 3257 domui
1017 3185 1190 3273 obligatum
1203 3192 1376 3272 collegium

295 3299 372 3367 erat,
398 3293 732 3368 ann0158l‚mense
758 3293 884 3367 martio,
908 3309 966 3356 sex
992 3292 1128 3372 primum
1156 3290 1321 3355 bursarios
1342 3289 1376 3352 in

294 3390 465 3470 collegium
481 3407 574 3454 suum
590 3391 722 3472 recepit.
741 3389 840 3464 Quem
856 3389 930 3454 dein
947 3405 1114 3472 numerum
1131 3405 1190 3469 pro
1205 3403 1376 3468 recupera-

153 3549 154 3557 ,
296 3497 401 3553 torum
416 3487 598 3552 reddituum
614 3496 645 3554 et
659 3489 855 3553 solutionum
870 3489 1080 3564 incremento,
1094 3487 1195 3566 magis
1210 3485 1379 3566 magisque
1481 3495 1484 3502 ·

214 3617 216 3622 ·
296 3587 438 3666 quotidie
452 3602 584 3668 augens,
604 3604 642 3651 eo
657 3587 720 3650 boc
732 3587 796 3667 jam
811 3595 955 3666 tempore
969 3585 1129 3666 perduxit,
1148 3592 1181 3649 ut
1205 3582 1375 3648 duodecim

296 3685 390 3766 plane
406 3686 572 3751 bursarios
585 3675 649 3768 jam
665 3686 790 3762 habeat,
807 3684 979 3765 assignatis
994 3683 1108 3764 cuique
1120 3691 1252 3764 propter
1267 3697 1377 3746 rerum

298 3783 441 3847 omnium
456 3785 620 3849 caritatem
635 3783 750 3848 annuis
765 3783 994 3864 quinquaginta
1005 3781 1149 3856 flocculo,
1164 3788 1251 3844 totus
1267 3782 1299 3842 in
1314 3779 1378 3842 boc

297 3881 451 3967 intentus,
474 3890 519 3958 ut,
546 3890 702 3964 quatenus
729 3881 798 3946 tieri
824 3888 939 3962 potest,
967 3880 1138 3960 collegium
1159 3879 1192 3942 in
1215 3877 1376 3958 integrum
1465 3961 1467 3966 ,

298 3978 445 4043 restituat
465 3989 558 4061 atque
573 3988 743 4056 restauret,
760 3997 824 4054 non
847 3979 907 4044 sibi
931 3995 1066 4059 parcens
1081 3979 1114 4042 in
1137 3985 1184 4043 tot
1198 3975 1378 4041 scribendis

299 4092 551 4156 quaquaversum
565 4079 604 4142 ad
621 4078 765 4160 singulos
781 4077 959 4142 creditores
982 4075 1107 4151 litteris,
1125 4092 1185 4140 nec
1200 4074 1377 4140 detrectato

301 4173 408 4251 etiam,
425 4175 528 4241 sicubi
543 4193 594 4242 res
610 4177 760 4258 postulet,
778 4175 987 4257 protectionis
1002 4175 1111 4240 labore
1126 4181 1157 4240 et
1171 4173 1327 4256 periculo.
1390 4213 1392 4218 ·
