3014 4946
746 435 931 500 -olo-

300 599 399 670 semel
425 597 588 664 visitandi.
613 598 682 676 Quo
708 608 852 682 tempore
877 599 984 666 dictus
1010 598 1199 682 praesidens
1224 599 1376 668 tenebitur

301 698 432 768 urbitrio
462 699 664 780 provisorum
694 699 830 766 reddere
862 707 1068 781 computum;
1099 697 1216 781 quibus
1243 698 1376 766 dominis

300 796 524 880 provisoribus
550 797 685 878 singulis
709 797 751 863 ob
776 797 808 861 id
838 797 870 862 in
900 797 952 862 die
983 796 1166 878 huiusmodi
1191 795 1374 864 visitationis
1401 813 1403 819 ·

302 895 563 978 comparentibus
584 895 653 961 dari
675 897 743 964 vult
761 895 873 979 viginti
896 895 1037 962 stuferos
1059 895 1172 962 semel.
1189 895 1258 962 lloc
1278 905 1374 962 auten

302 994 473 1078 praecipue
487 995 556 1062 vult
569 1003 600 1060 et
615 995 745 1062 maudut
761 995 921 1076 praefatus
937 994 1086 1060 dominus
1098 1002 1232 1060 testator
1243 995 1276 1064 in
1291 994 1379 1061 dictis

303 1093 373 1160 suis
398 1092 554 1158 burseriis
580 1093 757 1170 observari,
782 1093 867 1175 quod
894 1092 981 1158 dicto
1006 1109 1066 1158 suo
1093 1093 1232 1175 praesidi
1260 1107 1378 1158 omnem

304 1193 461 1260 bonorem
483 1191 654 1258 exhibeant
677 1199 709 1260 el
730 1193 762 1258 in
785 1192 872 1260 omni
896 1191 1051 1258 modestia
1073 1192 1213 1268 subsint,
1229 1203 1262 1261 et
1280 1193 1311 1256 in
1325 1207 1381 1257 suo

304 1291 412 1361 studio
438 1301 470 1360 et
497 1291 690 1359 lectionibus
717 1291 957 1374 frequentandis
983 1291 1048 1358 sint
1068 1291 1203 1368 assidui,
1224 1299 1259 1358 et
1286 1291 1319 1357 iu
1345 1307 1379 1360 ee

305 1392 440 1458 maxime
456 1405 586 1473 operam
601 1391 689 1467 dent,
708 1398 741 1456 ut
761 1390 832 1457 suis
855 1389 1116 1472 praeceptoribus
1132 1390 1253 1456 assidui
1269 1389 1379 1466 adsint,
1414 1411 1417 1418 ·

304 1506 439 1574 eosque
456 1497 608 1572 quantum
625 1487 694 1558 lieri
710 1497 829 1573 potest,
845 1489 878 1554 in
893 1488 1063 1556 visitandis
1077 1488 1185 1572 aegris
1200 1496 1381 1570 sequantur.

258 1670 262 1680 Ι
304 1591 457 1672 Ideoque,
474 1598 643 1670 antequam
665 1587 705 1654 ad
728 1587 858 1654 bursam
882 1587 1101 1663 admittantur,
1125 1587 1221 1652 fidem
1243 1588 1307 1654 sibi
1322 1585 1384 1652 dari

303 1688 444 1771 postulat
455 1687 538 1754 idern
551 1687 701 1752 domiuus
715 1694 875 1752 testatore
887 1687 956 1753 suis
972 1686 1140 1763 burseriis,
1155 1695 1189 1752 ul
1200 1687 1384 1755 medicinae

304 1803 369 1853 uon
389 1785 518 1861 faciunt,
549 1784 611 1849 nisi
640 1784 775 1850 scientia
803 1791 836 1851 et
865 1785 1062 1866 experientia
1092 1785 1187 1850 simul
1219 1785 1383 1860 instructi;

301 1885 462 1969 siquidem
485 1882 679 1964 experientia
703 1883 743 1948 ad
770 1883 947 1950 faciendum
971 1883 1160 1948 medicinam
1183 1883 1319 1950 scientia
1339 1889 1387 1950 est

271 2014 278 2024 ,
305 1983 408 2066 magis
432 1982 627 2050 necessaria.
651 1982 886 2065 experientiam
909 1982 1062 2050 scientiae
1084 1983 1245 2065 adjicient,
1268 1985 1298 2048 si
1319 1999 1386 2050 cunr

304 2081 547 2167 professoribus
568 2097 684 2164 aegros
705 2081 846 2156 visitent,
874 2089 928 2146 eut
948 2098 987 2147 ex
1013 2083 1234 2164 professorum
1255 2082 1390 2150 oonsilio

304 2197 467 2267 pauperes
481 2197 596 2261 aegros
612 2181 774 2246 curandos
789 2180 1010 2261 susceperint,
1021 2197 1166 2261 quorum.
1179 2189 1274 2246 noete
1299 2191 1388 2263 atoue

306 2279 581 2362 dicaegritudinis
604 2288 712 2346 motus
734 2279 917 2354 observent,
934 2287 988 2346 aut
1005 2279 1083 2346 ‘alibi
1106 2280 1145 2348 ad
1168 2280 1244 2346 boni
1258 2279 1390 2346 artificis

306 2395 435 2445 menum
450 2388 482 2444 et
497 2378 658 2460 exemplar
673 2376 866 2459 aliquamdiu
883 2394 956 2444 sese
971 2379 1183 2446 conforment.

346 2467 419 2543 Vult
431 2485 539 2542 autem
556 2475 707 2546 dominus
721 2483 867 2551 testator,
895 2487 929 2540 ut
951 2475 1069 2558 singuli
1085 2476 1224 2542 bersarii
1240 2476 1305 2542 sibi
1321 2491 1392 2544 sane

303 2576 400 2660 guine
426 2592 483 2641 seu
511 2575 703 2656 cognatione
729 2565 895 2656 conjuncti
917 2573 1101 2656 hujusmodi
1127 2593 1185 2642 sua
1211 2575 1312 2644 burso
1336 2589 1393 2658 per

303 2675 508 2758 septennium
523 2674 574 2739 vel
591 2673 790 2748 octennium,
808 2674 836 2738 si
859 2669 969 2750 velint,
988 2673 1040 2738 alii
1054 2691 1132 2742 vero
1147 2691 1206 2757 per
1219 2675 1393 2757 quadrien«

305 2776 393 2858 nium
409 2774 564 2840 fruantur.

345 2874 484 2940 Probae
505 2881 611 2938 autem
635 2871 822 2939 fundatione
842 2871 926 2936 idem
947 2871 1099 2938 dominus
1115 2879 1250 2938 testator
1264 2873 1351 2956 legat
1364 2879 1393 2936 et

303 2972 456 3054 relinquit
466 2987 624 3037 summam
637 2971 961 3052 quatuormilliumet
972 2971 1184 3036 ducentorum
1196 2971 1392 3038 florenorum

304 3069 501 3144 llenensium
518 3069 586 3134 sive
608 3068 726 3144 Caroli,
751 3067 894 3150 quolibet
915 3067 1040 3134 floreno
1061 3069 1100 3133 ed
1123 3069 1236 3150 viginti
1251 3070 1394 3136 studeres

301 3169 494 3234 brabantiae
508 3168 688 3244 aestimato,
706 3185 744 3233 en
766 3183 825 3232 sua
848 3177 955 3248 parata
971 3168 1127 3248 pecunia;
1143 3167 1177 3230 in
1192 3185 1253 3250 que
1269 3180 1394 3236 summe

304 3267 484 3348 computari
499 3267 566 3332 vult
582 3267 719 3332 reditum
734 3265 963 3348 quinquaginta
983 3265 1179 3332 florenorum
1195 3267 1392 3332 benensiuru

305 3383 364 3448 per
379 3383 415 3431 se
438 3373 624 3432 testatorem
648 3373 801 3446 emptum,
819 3373 849 3429 et
871 3372 1036 3444 praeterea
1059 3364 1215 3446 integrum
1230 3382 1396 3452 suumsu-

305 3465 509 3547 pellectilem,
529 3481 653 3530 necnon
674 3463 781 3530 omnia
804 3473 835 3529 et
856 3465 981 3546 singula
997 3480 1055 3530 sua
1070 3464 1153 3532 berra
1169 3465 1311 3539 mobilia,
1329 3479 1396 3532 cre·

249 3620 250 3623 ,
301 3564 369 3629 dita
381 3573 413 3630 et
424 3564 580 3642 actiones,
594 3563 712 3628 debitis
722 3563 804 3638 suis,
819 3563 846 3628 si
860 3578 942 3644 quae
953 3571 1057 3639 erunt,
1071 3580 1195 3628 necnon
1213 3563 1396 3645 sumptibus

305 3663 503 3728 funeralibus
518 3663 593 3727 inde
608 3663 698 3742 prius
714 3661 875 3728 deductis.
893 3662 938 3726 Ex
957 3661 1074 3743 quibus
1095 3662 1127 3730 iu
1150 3661 1261 3742 primis
1283 3674 1395 3742 supra·

307 3762 424 3826 dicem
440 3762 582 3836 domum,
599 3761 627 3826 si
642 3777 701 3843 per
716 3779 788 3828 eum
804 3770 986 3842 comparata
1001 3778 1066 3827 nou
1081 3761 1153 3852 erit,
1167 3760 1352 3843 comparari
1365 3768 1397 3826 et

307 3859 370 3925 omi
391 3861 471 3932 vult,
488 3859 650 3926 residuum
667 3877 744 3926 vero
767 3861 948 3942 praedictae
970 3876 1115 3925 summae
1136 3867 1168 3925 et
1189 3876 1338 3925 summae
1359 3874 1395 3923 cu

310 3958 501 4040 supellectili
517 3959 674 4024 burseriis
689 3959 761 4026 suis
782 3975 847 4023 non
863 3958 1046 4025 necessaria
1065 3957 1153 4040 juxta
1175 3974 1312 4024 suorum
1329 3972 1399 4024 exe·

306 4066 457 4123 culorum
472 4057 701 4126 discretionem
723 4057 891 4122 vendenda
912 4057 1131 4138 provenientis
1152 4057 1308 4122 collocari
1331 4054 1398 4122 vult

308 4157 550 4240 ineruptionem
567 4156 728 4222 redituum
744 4155 985 4237 denuitabilium
997 4157 1130 4224 denario
1149 4157 1274 4222 decimo
1291 4162 1400 4228 sexto,
