3100 4938
584 399 786 462 ,-lll-

162 639 164 647 y
189 585 208 622 s
222 562 331 628 Voluit
344 563 477 646 insuper
492 579 523 630 et
538 565 710 640 ordinavit,
728 565 814 646 quod
832 581 915 630 unus
931 565 971 630 de
986 563 1081 630 dictis
1097 573 1234 646 quatuor

146 660 304 726 bursariis
319 661 457 728 idoneus
478 662 550 728 aliis
572 680 629 744 per
644 663 749 728 dictos
765 663 815 728 sui
838 663 967 745 collegii
990 663 1233 730 commissarios

145 765 321 840 perpetuos
340 759 556 826 constituatur
577 767 608 826 et
631 761 808 839 ordinetur,
825 762 880 847 qui
903 761 1234 844 dicetur‘praesldens
1312 819 1315 824 .
1388 721 1389 726 ἵ

145 856 294 939 collegii;
318 858 370 922 cui
392 875 505 926 omnes
527 859 561 924 in
586 861 725 942 collegio
748 877 808 942 pro
824 868 967 942 tempore
992 863 1174 930 habitantes
1200 867 1249 930 in·

146 955 244 1020 licitis
260 965 292 1022 et
308 957 454 1022 honestis
469 958 606 1024 debeant
621 975 696 1024 esse
711 960 910 1026 obedientes.

188 1077 207 1114 >s
219 1053 384 1120 ordinavit
398 1057 544 1138 insuper,
558 1055 644 1138 quod
657 1058 733 1122 dicti
745 1058 893 1126 bursales
908 1059 941 1142 in
956 1059 1043 1125 dicto
1059 1077 1120 1127 suo
1134 1063 1233 1129 colle·

144 1151 199 1234 gio
214 1152 359 1220 babitare
375 1161 406 1218 et
421 1155 612 1235 praebendis
628 1156 697 1220 suis
711 1157 795 1221 intra
810 1157 982 1222 declaratis
994 1160 1136 1240 gaudere
1146 1167 1232 1241 pote·
1258 1209 1263 1220 .

145 1259 221 1317 runt
236 1253 330 1318 annis
353 1259 477 1334 septem
499 1254 672 1330 continuis,
691 1255 880 1334 praesidens
901 1271 980 1320 vero
998 1257 1092 1322 annis
1107 1258 1231 1334 decem,

144 1349 221 1426 nisi,
240 1350 309 1414 auis
325 1349 491 1416 demeritis
507 1351 719 1432 exigentibus,
734 1369 791 1432 per
802 1352 988 1434 praedictos
1003 1355 1129 1438 collegii
1145 1371 1234 1421 com«

144 1447 318 1512 missarios
340 1448 579 1529 suspendantur
593 1449 643 1514 vel
660 1450 827 1530 priventur
848 1450 886 1514 ab
911 1451 1046 1527 eisdem,
1066 1461 1099 1518 ut
1114 1454 1234 1520 clarius

143 1545 227 1610 infra
243 1546 436 1612 declaratur.
453 1547 491 1610 Et
506 1547 534 1612 si
549 1546 645 1613 dictis
661 1547 894 1613 commissariis
909 1549 1054 1615 videatur
1069 1551 1231 1632 expedire,

144 1651 299 1725 poterunt
327 1652 455 1726 tempus
480 1661 590 1736 morae
605 1645 778 1727 cujuslibet
806 1646 1023 1728 praesidentis
1049 1649 1174 1716 scilicet
1203 1660 1235 1716 ct

143 1742 382 1822 bursariorum,
406 1733 612 1826 qualitatibus
639 1761 852 1826 personarum
878 1746 1064 1812 earumdem
1090 1748 1233 1822 attentis,

141 1841 283 1918 adduos
299 1859 402 1908 annos
417 1843 590 1908 continuos
606 1851 638 1908 et
653 1860 719 1909 non
737 1843 820 1908 ultra
835 1845 1041 1926 prolongare.

183 1961 203 2000 »
217 1939 333 2006 Statuit
348 1942 445 2007 etiam
461 1949 493 2008 et
508 1941 667 2008 ordinavit
681 1942 787 2007 dictus
803 1943 954 2008 dominus
971 1950 1107 2010 testator
1118 1950 1150 2010 et
1164 1946 1235 2010 lun-

142 2037 249 2116 dator,
263 2040 350 2120 quod
365 2030 553 2120 praesidens
568 2047 600 2105 et
614 2039 671 2113 alii
683 2039 823 2104 bursarii
839 2057 967 2107 necnon
985 2045 1233 2120 commensales,

144 2133 173 2201 si
189 2136 245 2219 qui
261 2134 337 2214 sint,
354 2137 387 2207 in
403 2145 466 2204 una
481 2139 644 2204 communi
660 2153 770 2206 mensa
793 2146 826 2205 et
848 2155 907 2204 esu
929 2147 962 2206 et
980 2147 1057 2222 putu
1073 2141 1236 2208 communi

143 2235 235 2302 vesci
252 2244 284 2301 et
298 2236 462 2302 convivari
476 2237 625 2302 debeant.

188 2357 206 2394 »
223 2333 303 2400 Item
318 2335 440 2416 placuit
460 2336 619 2411 testatori,
637 2335 723 2417 quod
745 2335 933 2418 praesidens
957 2337 990 2400 in
1013 2334 1165 2420 expensis
1180 2355 1234 2404 ac⁴

145 2433 1020 2516 ceptarepoterittresantquatuorcommensales‚sed
1033 2435 1233 2518 perplures,

144 2531 200 2613 qui
216 2547 276 2612 pro
293 2533 443 2613 expensis
460 2533 626 2599 exsolvere
641 2531 805 2597 habebunt
819 2533 858 2596 ad
875 2531 1045 2598 utilitatem
1061 2533 1189 2616 collegii
1205 2541 1236 2600 et

144 2630 369 2696 bursariorum
398 2629 436 2695 ad
464 2631 571 2696 minus
598 2629 712 2712 viginti
739 2635 876 2712 quatuor
899 2631 1042 2697 florenos
1069 2633 1237 2698 Renenses

145 2743 339 2794 communes
368 2728 550 2803 annuatim,
582 2728 761 2794 secundum
788 2735 891 2793 ratam
916 2729 1085 2810 temporis,
1113 2747 1177 2810 quo
1203 2729 1236 2792 in

146 2827 301 2908 expensis
317 2842 429 2892 eorum
445 2826 575 2892 luerint.

191 2924 307 2989 »Item
330 2924 441 2991 statuit
462 2923 546 2988 idem
569 2923 720 2988 dominus
742 2927 879 2988 testator
900 2932 932 2988 et
954 2921 1125 3000 ordinavit,
1150 2923 1237 3006 quod

145 3041 187 3089 ex
215 3020 312 3086 dictis
342 3023 546 3102 praesidente
576 3029 609 3087 et
637 3021 824 3086 bursalibus
853 3021 929 3087 sire·
947 3021 1126 3104 collegistis
1152 3039 1237 3088 unus

142 3122 328 3188 secundum
345 3121 470 3186 senium
487 3136 599 3186 eorum
616 3120 753 3202 singulis
770 3121 960 3201 septimanis
975 3137 1035 3202 pro
1050 3120 1238 3202 provisione

145 3219 333 3286 necessaria
349 3217 382 3282 in
403 3219 541 3300 coquina
557 3235 719 3298 exponere
742 3219 877 3296 debeat;
895 3225 926 3284 et
941 3219 975 3282 in
990 3218 1055 3284 fine
1068 3217 1239 3300 cujuslibet

143 3316 347 3398 septimanae
373 3317 468 3382 simul
491 3317 531 3381 de
557 3332 615 3397 per
637 3315 785 3380 eumdem
812 3315 965 3398 expositis
992 3324 1180 3397 computum
1207 3325 1241 3380 et

144 3415 309 3480 calculum
324 3415 393 3479 suis
405 3413 621 3480 confratribus
633 3413 746 3490 faciat;
763 3430 826 3494 qno
842 3413 939 3490 lacto,
953 3415 1087 3496 quilibet
1098 3430 1158 3496 pro
1170 3421 1239 3478 rata

145 3512 196 3578 illi
213 3513 390 3593 expositori
406 3529 445 3577 ex
459 3521 536 3578 tunc
560 3511 747 3586 satisfaciat,
764 3519 795 3576 et
816 3511 905 3576 illico
926 3511 1012 3578 idem
1035 3528 1117 3578 onus
1140 3526 1238 3594 expo·

145 3609 249 3678 nendi
264 3628 323 3693 pro
339 3618 416 3676 tunc
431 3611 536 3676 lutura
552 3609 728 3692 septimana
743 3612 885 3692 sequens
900 3612 1011 3678 senior
1026 3611 1151 3676 babeat.

192 3733 212 3768 »
227 3707 307 3774 item
323 3711 440 3790 poterit
461 3709 651 3790 praesidens
675 3717 842 3791 acceptare
863 3727 962 3776 unum
985 3709 1167 3776 scholarem
1189 3721 1240 3774 ar-

144 3809 259 3877 tistam
281 3808 315 3871 in
341 3809 491 3888 expensis
507 3825 566 3890 pro
582 3809 740 3873 servitore
763 3825 912 3888 mensae;
935 3809 990 3890 qui
1016 3815 1139 3874 tantum
1161 3808 1239 3874 dare
1282 3807 1285 3812 ’

143 3905 281 3971 habebit
296 3905 465 3971 duodecim
477 3905 528 3970 vel
541 3905 697 3971 tredecim
712 3905 855 3972 llorenos
867 3907 1034 3985 Recenses
1050 3921 1240 3972 communes
1270 3928 1271 3932 ¹

19 4053 28 4064 .
143 4015 179 4072 et
194 4017 261 4069 non
277 4003 372 4080 ultra,
383 4011 421 4074 ,et
435 4003 537 4078 illum,
556 4003 583 4068 si
596 4003 658 4068 sibi
673 4003 819 4069 videatur
834 4005 1008 4069 convenire
1023 4003 1093 4069 suis
1109 4003 1240 4085 exigen-

143 4103 239 4168 tibus
255 4101 422 4167 demeritis
438 4103 487 4166 val
503 4101 720 4184 negligentiis,
736 4090 914 4181 licentiare,
928 4111 960 4170 et
975 4103 1072 4168 alium
1084 4099 1118 4167 in
1133 4103 1240 4168 locum

146 4203 224 4286 ejus
241 4207 422 4281 acceptare.
