3036 4946
641 435 827 500 -l99-

193 600 462 682 »disponendum
481 602 620 677 censuit,
637 601 676 666 de
693 601 788 666 rebus
805 611 835 665 et
858 601 952 666 bouis
975 600 1043 666 suis
1066 611 1129 665 tam
1153 601 1279 667 mobili-

190 723 207 758 »
223 699 285 764 bus
302 715 397 780 quam
413 699 643 775 immobilibus,
662 698 790 781 quaein
807 699 950 780 partibus
967 699 1131 763 Inferioris
1147 699 1279 765 Germa-

188 823 205 856 »
221 799 305 872 niae,
325 799 516 878 praesertim
533 798 565 861 in
589 799 705 863 ducatu
722 799 913 863 Brabantiae
929 815 967 864 ao
981 799 1064 863 locis
1079 798 1278 866 circumvici-
1364 883 1365 886 Ἴ

188 921 206 956 »
223 897 286 972 nis,
306 913 434 962 necnon
451 897 580 962 civitate
595 905 626 962 et
642 897 783 963 dioecesi
806 896 1015 980 Trajectensi‚
1033 905 1106 962 ante
1128 915 1221 962 suum
1238 899 1276 961 ad

187 1023 204 1052 u
222 995 339 1078 summi
371 997 572 1076 apostolatus
601 995 723 1077 apicem
750 995 1007 1078 adsumptionem
1037 995 1277 1077 quomodolibet
1338 984 1342 994 ’

187 1117 205 1152 »
222 1094 376 1171 habebat,
401 1092 577 1173 specialius
600 1095 785 1176 disponere,
811 1111 847 1160 ac
870 1094 1057 1174 temporalia
1075 1094 1222 1158 aeternis
1245 1105 1277 1159 et

186 1201 349 1258 »terrena
376 1193 574 1258 coelestibus
596 1193 681 1258 felici
712 1193 907 1258 commercio
929 1203 1138 1270 commutare,
1162 1200 1278 1274 sponte

22 1295 24 1320 ¹
83 1291 88 1299 '
187 1316 203 1348 a
221 1300 252 1356 et
266 1308 307 1358 cx
332 1299 419 1356 certa
442 1309 500 1357 sua
524 1292 659 1357 scientia
683 1303 870 1373 maturaque
891 1286 1140 1367 deliberatione,
1153 1309 1210 1372 pro
1227 1309 1277 1356 sa-

187 1417 203 1448 »
220 1392 286 1456 lute
309 1391 434 1457 animae
457 1408 535 1457 suae
557 1409 594 1456 ao
617 1391 658 1456 ob
679 1393 782 1456 zelum
806 1401 837 1456 et
862 1392 1078 1466 devotionem,
1096 1408 1178 1472 quos
1200 1407 1276 1472 erga

185 1515 202 1546 »
220 1491 384 1555 literarum
402 1491 568 1556 studiosos
581 1500 612 1556 et
626 1467 815 1573 praesertim
829 1501 939 1555 sacrae
952 1491 1132 1571 theologiae
1144 1507 1274 1570 operam

184 1612 202 1646 »
219 1588 346 1664 dantes,
360 1591 488 1669 semper
500 1581 612 1671 gessit,
627 1589 777 1653 omnibus
790 1586 978 1654 melioribus
992 1589 1098 1664 modo,
1111 1589 1172 1663 via,
1188 1588 1272 1670 jura,

184 1710 202 1744 »
219 1703 316 1751 causa
332 1696 364 1751 et
384 1688 496 1763 forma,
515 1687 631 1769 quibus
654 1687 779 1762 melius,
798 1687 898 1751 tutius
920 1697 951 1751 et
970 1679 1134 1750 efficacius
1149 1685 1275 1767 dejure

183 1809 199 1842 »
217 1786 320 1866 potuit
340 1795 371 1850 et
387 1785 509 1861 debuit,
534 1786 647 1864 voluit,
664 1785 826 1866 disposuit
840 1795 871 1852 et
887 1785 1058 1863 ordinavit,
1077 1787 1161 1866 quod
1179 1802 1273 1866 quae·

182 1906 200 1942 a
217 1883 290 1948 dam
306 1884 421 1948 domus
437 1885 475 1948 ad
499 1884 647 1950 eumdem
671 1883 911 1948 sanctissimum
935 1885 1100 1950 dominum
1126 1893 1272 1948 nostrum

181 2007 198 2040 a
216 1982 391 2050 adrianum
418 1999 532 2064 papam
564 1990 715 2063 spectans
742 1989 774 2046 et
799 1982 975 2063 pertinens,
1004 1984 1065 2047 sita
1092 1983 1124 2044 in
1151 1981 1270 2064 oppido

183 2103 202 2139 u
218 2080 423 2158 lovaniensi,
438 2081 599 2146 dioecesis
613 2080 812 2157 leodiensis,
828 2081 860 2144 in
877 2082 980 2162 platea
994 2082 1089 2163 vulgo
1102 2082 1139 2144 de
1153 2083 1270 2160 Mapor-

182 2203 200 2237 »
217 2185 310 2244 strate
330 2175 522 2260 nuncupata,
551 2197 652 2260 prope
673 2179 802 2246 domum
826 2180 985 2261 quondam
1010 2179 1163 2245 Ludovioi
1189 2179 1270 2260 Pyrr·

182 2301 200 2336 »
218 2278 314 2355 noch,
330 2277 442 2353 villici,
459 2278 535 2343 dum
556 2277 690 2352 vireret,
708 2278 851 2359 eiusdem
876 2279 996 2359 oppidi,
1014 2288 1045 2344 et
1067 2279 1127 2342 alia
1143 2277 1268 2342 remora

182 2377 287 2458 »ejus
317 2375 469 2451 confinia,
497 2392 591 2459 quam
620 2377 691 2456 ipse
721 2377 947 2461 sanctissimus
977 2377 1129 2443 dominus
1159 2383 1271 2442 noster

183 2473 380 2539 »Adrianus
406 2491 487 2555 papa
512 2475 552 2539 vl
577 2491 595 2539 a
620 2492 656 2540 se
681 2475 893 2552 aedificatam,
926 2477 1002 2542 dum
1028 2477 1060 2541 in
1091 2475 1270 2540 minoribus

183 2583 318 2654 cesset,
338 2573 515 2639 inhabitare
531 2575 710 2651 consuevit,
728 2591 801 2639 cum
818 2576 967 2642 omnibus
989 2585 1021 2641 et
1043 2575 1180 2657 singulis
1202 2573 1272 2638 suis

184 2671 427 2747 »utensilibus
444 2673 536 2736 libris
551 2679 583 2738 et
604 2673 676 2737 aliis
692 2673 785 2738 bonis
802 2674 987 2751 mobilibus,
1004 2683 1080 2739 tunc
1094 2665 1136 2736 'in
1160 2673 1270 2736 eadem

184 2793 201 2828 u
217 2770 315 2836 domo
342 2771 565 2846 existentibus,
591 2775 635 2836 ac*
654 2772 740 2836 omni
763 2773 960 2838 haereditate
985 2791 1043 2838 scu
1070 2773 1181 2847 fundo,
1206 2780 1270 2834 tam
1362 2831 1364 2839 ,

163 2877 167 2882 ’Ν
181 2892 200 2928 »
214 2869 277 2950 ipsi
299 2869 408 2934 domui
431 2870 575 2950 proxime
597 2871 804 2946 adhaerente,
822 2887 916 2952 quam
932 2889 981 2948 ea,
999 2871 1187 2953 quaecirca
1203 2868 1271 2950 pla-

181 2989 199 3026 a
214 2973 299 3032 team
316 2969 473 3033 Celtarum
495 2969 708 3034 communiter
730 2979 945 3050 nuncupatam
967 2971 1029 3034 sita
1051 2977 1111 3045 est,
1133 2984 1271 3049 cumque

180 3066 380 3148 »pomeriis
405 3067 520 3140 hortis,
546 3067 693 3143 transitu,
718 3067 879 3144 domibus,
904 3069 1071 3145 aedificiis,
1088 3065 1270 3146 ceterisque

181 3187 200 3222 »
215 3165 510 3241 commoditatibus,
530 3165 608 3246 erigi
625 3165 738 3230 debeat
762 3175 793 3230 et
817 3167 958 3248 erigatur
980 3167 1012 3230 in
1038 3183 1135 3231 unum
1155 3181 1270 3246 perpe·

180 3285 199 3320 a
214 3271 304 3328 tuom
321 3262 494 3344 collegium
511 3279 569 3343 pro
585 3263 790 3328 studentibus
807 3265 838 3327 in
855 3265 1004 3340 facultate
1019 3281 1130 3330 sacrae
1145 3263 1272 3329 theolo-

126 3437 128 3439 .
180 3361 301 3444 »giae;
330 3373 361 3427 ct
387 3363 473 3444 quod
498 3363 602 3428 eidem
629 3363 779 3444 collegio,
803 3373 972 3446 postquam
1000 3365 1046 3430 sio
1069 3372 1211 3430 ereetum
1237 3374 1269 3428 et

146 3512 149 3517 .
179 3461 378 3525 »fundatum
395 3461 505 3539 fuerit,
527 3462 642 3544 aliquis
666 3481 704 3526 ex
727 3463 870 3544 ejusdcm
895 3465 1092 3547 theologicae
1108 3462 1269 3527 facultatis

180 3581 197 3617 »
213 3559 415 3636 doctoribus,
433 3560 605 3624 licentiatis
624 3570 678 3624 aot
693 3561 913 3628 baccalaureis
928 3563 1084 3638 formatis,
1101 3562 1135 3625 in
1151 3578 1267 3642 regen-

180 3680 198 3714 »
213 3665 277 3721 tem
294 3657 439 3738 praefici,
458 3675 495 3722 ac
511 3658 563 3722 alii
584 3659 722 3724 bursarii
738 3659 770 3723 in
793 3661 903 3726 cadem
926 3662 1076 3725 facultate
1099 3660 1267 3725 studentes

180 3779 198 3813 n
217 3755 256 3820 ad
273 3757 379 3822 dictae
394 3758 511 3822 domus
526 3766 558 3822 et
572 3759 714 3842 erigendi
727 3759 854 3842 collegii
866 3760 1141 3834 inhabitationem,
1156 3756 1267 3840 hujus·

179 3877 197 3910 a
216 3855 302 3920 modi
319 3873 413 3920 suum
430 3857 571 3921 studium
592 3857 624 3919 in
647 3858 716 3939 ipsa
739 3858 887 3923 facultate
902 3859 1083 3941 theologica
1099 3857 1267 3924 continua-

178 3953 286 4028 »turi
315 3955 440 4018 adsumi
471 3955 609 4020 debeant
613 4002 675 4019 .....
706 3958 784 4021 Acta
814 3957 942 4023 fuerunt
969 3959 1206 4037 haecRomac,
1235 3957 1265 4019 in

179 4053 330 4132 »palatio
366 4053 546 4135 apostolico
551 4101 628 4116 ......
667 4056 891 4134 praesentibus
924 4057 1042 4121 ibidem
1079 4055 1266 4121 reverendis

179 4151 352 4216 »dominis
370 4154 522 4234 magistro
537 4153 669 4217 Nicolao
695 4154 735 4218 de
758 4155 863 4229 Porta,
882 4156 1005 4218 decano
1021 4154 1267 4230 Eindhoviensi,
