3100 4938
701 432 884 496 -1780

296 618 312 653 n
340 595 418 659 item
449 597 530 660 ostia
556 593 700 678 ejusdem
729 599 862 663 minoris
887 601 1003 662 domus
1028 598 1158 677 obstrui,
1182 597 1283 660 voluit
1310 605 1341 660 et

252 693 423 768 ordinavit,
441 694 483 758 ita
498 696 582 776 qnod
600 712 639 759 ex
662 697 765 777 platea
788 697 949 762 communi
973 698 1108 761 debeant
1134 695 1165 758 in
1189 711 1225 759 ea
1249 694 1340 758 babi-

252 800 356 858 tantes
372 793 489 859 babere
505 811 617 860 eorum
632 795 796 860 introitum
812 804 844 860 et
862 797 994 870 exitum,
1012 803 1043 860 et
1060 812 1124 861 non
1140 811 1197 875 per
1213 801 1336 875 portam

251 891 379 972 collegii
395 891 463 957 sive
479 908 612 974 magnae
632 894 759 958 domus.
777 895 858 958 Etsi
881 894 956 958 alibi
972 911 1066 974 qnam
1090 910 1147 974 per
1163 893 1336 958 fenestram
1355 931 1359 937 -

252 990 441 1056 inferiorem·
453 992 492 1056 ad
516 1001 638 1073 partem
662 994 790 1075 collegii
814 994 1039 1075 respicientem
1063 994 1170 1058 lumen
1193 991 1338 1072 recipere

252 1089 380 1169 poterit,
396 1090 568 1155 fenestram
580 1092 713 1157 eandem
727 1092 875 1178 similiter
887 1092 1009 1157 obstrui
1023 1091 1135 1165 voluit,
1146 1097 1179 1154 ut
1192 1089 1338 1155 bursales

250 1197 283 1252 et
299 1189 488 1269 collegistae
504 1191 629 1272 possint
645 1208 719 1256 esse
734 1190 826 1256 liberi
843 1190 874 1254 in
891 1191 1029 1271 collegio
1045 1207 1170 1255 eorum.

294 1291 310 1346 n'
327 1289 405 1353 ltem
424 1289 595 1366 ordinavit,
619 1291 704 1372 quud
728 1291 880 1372 magister
901 1291 1031 1356 subolae
1053 1288 1211 1368 ecclesiae
1234 1286 1336 1352 saneti
1398 1351 1401 1356 .

138 1445 142 1457 ,
253 1386 336 1454 Petri
361 1388 542 1467 praedictae
566 1406 623 1469 pro
647 1400 790 1470 tempure
812 1389 965 1466 existens,
983 1388 1010 1453 si
1032 1387 1180 1462 voluerit,
1197 1387 1229 1449 in
1252 1386 1336 1451 dicta

172 1506 179 1530 s
249 1486 347 1551 domo
364 1504 535 1567 puerorum
552 1504 624 1552 eum
641 1488 762 1552 eisdem
779 1489 923 1553 babitare
936 1487 1052 1568 poterit
1064 1496 1095 1551 et
1111 1484 1336 1574 emolumentis

251 1585 478 1650 communibus
495 1587 611 1651 domus
626 1587 785 1668 gaudere;
803 1603 922 1666 pueros
938 1588 1029 1667 ipsos
1045 1601 1157 1667 regere
1173 1593 1204 1649 et
1218 1583 1250 1646 in
1267 1601 1336 1647 mo-

251 1684 341 1749 ribus
368 1686 507 1767 dirigere
528 1686 655 1751 babebit
676 1693 708 1750 et
732 1686 872 1750 debebit.
890 1685 1038 1767 alioquin
1060 1683 1231 1757 ordinavit,
1249 1682 1334 1764 quod

249 1783 404 1860 decanus,
422 1786 590 1865 plebanus,
609 1786 825 1858 scholasticus
840 1795 872 1850 et
887 1785 998 1850 senior
1013 1784 1217 1865 provisorum
1232 1782 1334 1846 sancti

250 1883 333 1946 Petri
352 1884 522 1963 providere
536 1883 698 1949 habebunt
714 1885 837 1950 eisdem
854 1885 962 1964 pueris
978 1885 1018 1948 de
1034 1882 1188 1964 magistro
1205 1881 1334 1956 idoneo,

249 1981 303 2061 qni
321 1983 380 2046 sub
397 1999 495 2048 onere
512 1983 711 2064 praescripto
727 1983 915 2048 inhabitabit
931 1983 1075 2050 eamdem
1092 1982 1235 2046 domum.

293 2103 310 2138 n
326 2082 432 2146 Voluit
447 2083 580 2163 insuper
595 2083 699 2147 dictus
715 2083 865 2148 dominus
881 2092 1025 2156 testator,
1044 2081 1129 2162 qnod
1146 2078 1336 2160 praesidens
1381 2153 1386 2168 ⁸

248 2180 326 2245 dicti
341 2180 393 2245 sni
409 2180 536 2262 collegii
553 2181 668 2246 babeat
690 2181 905 2246 visitationem
929 2191 960 2246 et
975 2179 1209 2245 correctionem
1231 2179 1335 2242 dieto·

248 2297 319 2344 rum
336 2295 509 2362 puerorum
533 2280 565 2344 in
589 2280 733 2346 muribus
749 2290 781 2346 et
796 2280 976 2362 disciplinis
999 2280 1117 2344 totiens
1140 2277 1288 2359 quotiens
1304 2276 1335 2342 ei

248 2379 643 2462 visumsueritexpedire.
1001 2465 1004 2472 Ι

291 2501 308 2558 a
327 2478 445 2545 beinde
472 2480 555 2545 idem
582 2480 732 2545 dominus
757 2488 903 2554 testator,
930 2479 1052 2545 eisdem
1078 2477 1188 2560 pueris
1213 2473 1335 2558 largius

247 2577 361 2642 volens
377 2578 557 2658 providere,
574 2579 691 2661 legavit
706 2586 738 2644 et
753 2579 882 2661 reliquit
896 2579 1018 2645 eisdem
1034 2577 1065 2641 in
1082 2575 1245 2643 communi
1262 2575 1336 2640 red-

247 2675 334 2741 ditas
348 2676 560 2742 hereditarios
575 2686 748 2759 sequentes
766 2693 774 2741 :

290 2799 308 2834 t)
324 2775 430 2842 Primo
445 2776 593 2842 videlicet
609 2794 706 2842 unum
722 2777 879 2843 florenum
894 2777 1076 2842 Renenscm
1090 2773 1332 2850 bereditarium,

246 2891 340 2956 onem
357 2875 460 2940 babet·
475 2876 513 2940 ad
530 2885 562 2941 et
584 2892 681 2956 snpra
697 2876 827 2941 domum
842 2875 973 2940 Walteri
990 2876 1055 2939 Van
1071 2873 1133 2938 den
1149 2872 1334 2948 Wauwere‚

246 2973 397 3051 saetoris;

290 3096 306 3131 »
322 3073 400 3137 ltem
423 3073 528 3139 adbuc
549 3074 631 3139 duos
656 3074 798 3139 florenos
813 3075 980 3140 Renenses
1002 3071 1226 3144 hereditarios,
1252 3087 1336 3150 qnos

146 3227 153 3242 .
247 3171 342 3236 babet
357 3189 454 3252 snpra
469 3181 556 3238 certa
572 3174 655 3239 buna
669 3173 780 3239 iacobi
804 3173 956 3239 ludovici
979 3171 1151 3236 habitantis
1170 3171 1201 3232 in
1218 3170 1334 3234 Rotse·

246 3270 334 3346 laer;
683 3325 685 3329 .

288 3391 307 3428 »
323 3369 400 3433 ltem
419 3387 516 3434 unum
538 3370 678 3435 modium
695 3370 833 3452 siliginis
855 3370 1096 3442 bereditarium,
1120 3386 1214 3450 quem
1239 3367 1336 3432 babet

127 3516 130 3524 .
245 3468 283 3532 ad
302 3477 333 3532 et
348 3485 445 3549 snpra
460 3469 543 3532 bona
561 3469 643 3535 Petri
660 3470 770 3534 Bchon
787 3470 863 3534 dicti
880 3470 919 3534 de
936 3470 1115 3550 Luyclrere;

289 3589 306 3624 n
323 3566 401 3631 ltem
429 3576 495 3632 tres
521 3567 662 3632 florenos
688 3568 855 3633 Renenses
882 3567 1106 3642 hereditarios,
1130 3583 1213 3647 qnos
1239 3566 1336 3631 babet

215 3679 221 3690 “
249 3682 346 3747 snpra
368 3667 497 3732 domum
521 3667 671 3732 Everardi
696 3668 735 3732 de
752 3668 887 3749 Wingbe
908 3668 1009 3732 sitam.
1024 3669 1056 3730 tn
1075 3669 1113 3730 de
1127 3667 1333 3740 Steeartrute;

290 3787 306 3821 »
324 3764 402 3829 ltem
426 3774 492 3831 tres
519 3775 628 3846 petros
654 3767 879 3840 hereditarios,
907 3783 989 3848 quos
1015 3766 1109 3830 babet
1135 3765 1173 3843 ad
1201 3765 1332 3829 domum

245 3862 362 3926 dictam
382 3865 419 3926 de
433 3865 574 3930 Mrtcscbe
587 3864 741 3929 lobannis
758 3865 858 3940 llocx,
874 3865 913 3929 ad
936 3883 1019 3946 opus
1035 3863 1213 3945 receptoris
1228 3865 1333 3929 dicto-

246 3979 317 4026 rum
334 3978 504 4040 puerorum
520 3964 592 4028 loco
609 3963 791 4028 reddituum
809 3964 1056 4045 deputatorum,
1074 3963 1127 4044 qni
1144 3979 1202 4044 pro
1219 3980 1333 4045 recep·
1408 4035 1412 4041 ,

244 4068 314 4125 tore
331 4060 418 4140 prius
436 4062 558 4126 inerant
574 4062 728 4140 ordinati;
1332 4097 1334 4103 ·

287 4184 304 4218 a
321 4159 398 4223 Item
415 4161 518 4224 adbuc
535 4172 600 4226 tres
618 4171 725 4242 petros
743 4162 943 4226 haereditarii
962 4163 1117 4233 redditus,
1135 4180 1216 4244 nuos
1233 4163 1330 4227 babet
