<?xml version="1.0" encoding="UTF-8"?>
<!DOCTYPE html PUBLIC "-//W3C//DTD XHTML 1.0 Transitional//EN"
    "http://www.w3.org/TR/xhtml1/DTD/xhtml1-transitional.dtd">
<html xmlns="http://www.w3.org/1999/xhtml" xml:lang="en" lang="en">
 <head>
  <title>
</title>
<meta http-equiv="Content-Type" content="text/html;charset=utf-8" />
  <meta name='ocr-system' content='tesseract 3.04.00' />
  <meta name='ocr-capabilities' content='ocr_page ocr_carea ocr_par ocr_line ocrx_word'/>
</head>
<body>
  <div class='ocr_page' id='page_1' title='image "./documentsrelati02reusgoog_0122.png"; bbox 0 0 3100 4938; ppageno 0'>
   <div class='ocr_carea' id='block_1_1' title="bbox 654 367 838 447">
    <p class='ocr_par' dir='ltr' id='par_1_1' title="bbox 654 367 838 447">
     <span class='ocr_line' id='line_1_1' title="bbox 654 367 838 447; baseline 0.005 -1"><span class='ocrx_word' id='word_1_1' title='bbox 654 416 695 428; x_wconf 90' lang='lat'><em>-</em></span> <span class='ocrx_word' id='word_1_2' title='bbox 718 367 777 447; x_wconf 77' lang='lat' dir='ltr'>rto</span> <span class='ocrx_word' id='word_1_3' title='bbox 796 417 838 428; x_wconf 93' lang='lat'><em>-</em></span> 
     </span>
    </p>
   </div>
   <div class='ocr_carea' id='block_1_2' title="bbox 68 536 1288 1313">
    <p class='ocr_par' dir='ltr' id='par_1_2' title="bbox 68 536 1288 1313">
     <span class='ocr_line' id='line_1_2' title="bbox 68 536 1288 626; baseline 0.008 -26"><span class='ocrx_word' id='word_1_4' title='bbox 68 585 78 600; x_wconf 80' lang='grc'><em>,</em></span> <span class='ocrx_word' id='word_1_5' title='bbox 116 613 119 621; x_wconf 17' lang='grc' dir='ltr'>λ</span> <span class='ocrx_word' id='word_1_6' title='bbox 188 544 279 608; x_wconf 88' lang='lat' dir='ltr'>tiana</span> <span class='ocrx_word' id='word_1_7' title='bbox 295 543 431 624; x_wconf 87' lang='lat' dir='ltr'>aliisque</span> <span class='ocrx_word' id='word_1_8' title='bbox 446 543 672 609; x_wconf 88' lang='lat' dir='ltr'>Universitatis</span> <span class='ocrx_word' id='word_1_9' title='bbox 688 544 778 610; x_wconf 92' lang='lat' dir='ltr'>libris</span> <span class='ocrx_word' id='word_1_10' title='bbox 795 544 888 610; x_wconf 89' lang='lat' dir='ltr'>solita</span> <span class='ocrx_word' id='word_1_11' title='bbox 905 560 963 608; x_wconf 90' lang='lat' dir='ltr'>sua</span> <span class='ocrx_word' id='word_1_12' title='bbox 976 543 1156 626; x_wconf 82' lang='lat' dir='ltr'>eloquentia</span> <span class='ocrx_word' id='word_1_13' title='bbox 1169 536 1288 624; x_wconf 51' lang='lat' dir='ltr'>provo*</span> 
     </span>
     <span class='ocr_line' id='line_1_3' title="bbox 192 631 1285 723; baseline 0.003 -18"><span class='ocrx_word' id='word_1_14' title='bbox 192 648 293 706; x_wconf 88' lang='lat' dir='ltr'>earet.</span> <span class='ocrx_word' id='word_1_15' title='bbox 312 631 524 722; x_wconf 83' lang='lat' dir='ltr'>Quapropter,</span> <span class='ocrx_word' id='word_1_16' title='bbox 543 649 609 706; x_wconf 89' lang='lat' dir='ltr'>tola</span> <span class='ocrx_word' id='word_1_17' title='bbox 626 641 841 723; x_wconf 82' lang='lat' dir='ltr'>adstipulante</span> <span class='ocrx_word' id='word_1_18' title='bbox 856 641 1039 716; x_wconf 79' lang='lat' dir='ltr'>Academia,</span> <span class='ocrx_word' id='word_1_19' title='bbox 1057 641 1089 704; x_wconf 92' lang='lat' dir='ltr'>in</span> <span class='ocrx_word' id='word_1_20' title='bbox 1112 641 1285 708; x_wconf 90' lang='lat' dir='ltr'>bibliothe-</span> 
     </span>
     <span class='ocr_line' id='line_1_4' title="bbox 190 737 1287 822; baseline 0.001 -18"><span class='ocrx_word' id='word_1_21' title='bbox 190 739 318 804; x_wconf 84' lang='lat' dir='ltr'>carium</span> <span class='ocrx_word' id='word_1_22' title='bbox 334 739 481 820; x_wconf 81' lang='lat' dir='ltr'>eligitor;</span> <span class='ocrx_word' id='word_1_23' title='bbox 498 739 590 822; x_wconf 76' lang='lat' dir='ltr'>cnjus</span> <span class='ocrx_word' id='word_1_24' title='bbox 613 748 719 820; x_wconf 90' lang='lat' dir='ltr'>partos</span> <span class='ocrx_word' id='word_1_25' title='bbox 735 757 848 805; x_wconf 91' lang='lat' dir='ltr'>omnes</span> <span class='ocrx_word' id='word_1_26' title='bbox 863 748 895 805; x_wconf 91' lang='lat' dir='ltr'>et</span> <span class='ocrx_word' id='word_1_27' title='bbox 911 737 1037 804; x_wconf 84' lang='lat' dir='ltr'>summo</span> <span class='ocrx_word' id='word_1_28' title='bbox 1064 739 1287 805; x_wconf 87' lang='lat' dir='ltr'>Universitatis</span> 
     </span>
     <span class='ocr_line' id='line_1_5' title="bbox 132 829 1284 919; baseline 0.003 -19"><span class='ocrx_word' id='word_1_29' title='bbox 132 852 136 862; x_wconf 57' lang='lat'>²</span> <span class='ocrx_word' id='word_1_30' title='bbox 191 837 282 904; x_wconf 88' lang='lat' dir='ltr'>bono</span> <span class='ocrx_word' id='word_1_31' title='bbox 298 829 333 902; x_wconf 73' lang='lat' dir='ltr'>ei</span> <span class='ocrx_word' id='word_1_32' title='bbox 344 837 482 902; x_wconf 82' lang='lat' dir='ltr'>maximo</span> <span class='ocrx_word' id='word_1_33' title='bbox 499 854 571 902; x_wconf 84' lang='lat' dir='ltr'>cunr</span> <span class='ocrx_word' id='word_1_34' title='bbox 587 839 711 903; x_wconf 90' lang='lat' dir='ltr'>honore</span> <span class='ocrx_word' id='word_1_35' title='bbox 728 838 861 919; x_wconf 82' lang='lat' dir='ltr'>peregit,</span> <span class='ocrx_word' id='word_1_36' title='bbox 886 847 947 903; x_wconf 87' lang='lat' dir='ltr'>lam</span> <span class='ocrx_word' id='word_1_37' title='bbox 971 837 1173 902; x_wconf 87' lang='lat' dir='ltr'>academicos</span> <span class='ocrx_word' id='word_1_38' title='bbox 1188 852 1284 919; x_wconf 82' lang='lat' dir='ltr'>quam</span> 
     </span>
     <span class='ocr_line' id='line_1_6' title="bbox 189 935 1285 1016; baseline 0 -17"><span class='ocrx_word' id='word_1_39' title='bbox 189 943 365 1000; x_wconf 89' lang='lat' dir='ltr'>extraneos</span> <span class='ocrx_word' id='word_1_40' title='bbox 382 951 440 1015; x_wconf 91' lang='lat' dir='ltr'>pro</span> <span class='ocrx_word' id='word_1_41' title='bbox 456 951 545 999; x_wconf 88' lang='lat' dir='ltr'>more</span> <span class='ocrx_word' id='word_1_42' title='bbox 564 952 624 1000; x_wconf 90' lang='lat' dir='ltr'>suo</span> <span class='ocrx_word' id='word_1_43' title='bbox 646 935 878 1002; x_wconf 86' lang='lat' dir='ltr'>humanissime</span> <span class='ocrx_word' id='word_1_44' title='bbox 897 935 1072 1014; x_wconf 83' lang='lat' dir='ltr'>excipiens,</span> <span class='ocrx_word' id='word_1_45' title='bbox 1090 935 1203 1016; x_wconf 90' lang='lat' dir='ltr'>eisque</span> <span class='ocrx_word' id='word_1_46' title='bbox 1218 946 1285 1002; x_wconf 92' lang='lat' dir='ltr'>non</span> 
     </span>
     <span class='ocr_line' id='line_1_7' title="bbox 191 1033 1287 1115; baseline 0.001 -18"><span class='ocrx_word' id='word_1_47' title='bbox 191 1035 395 1113; x_wconf 76' lang='lat' dir='ltr'>exsuperium</span> <span class='ocrx_word' id='word_1_48' title='bbox 407 1033 600 1098; x_wconf 90' lang='lat' dir='ltr'>tantumsed</span> <span class='ocrx_word' id='word_1_49' title='bbox 613 1035 799 1114; x_wconf 73' lang='lat' dir='ltr'>exteteriora·</span> <span class='ocrx_word' id='word_1_50' title='bbox 812 1050 939 1115; x_wconf 86' lang='lat' dir='ltr'>quoque</span> <span class='ocrx_word' id='word_1_51' title='bbox 952 1033 1145 1097; x_wconf 89' lang='lat' dir='ltr'>bibliotheca</span> <span class='ocrx_word' id='word_1_52' title='bbox 1157 1036 1240 1109; x_wconf 77' lang='lat' dir='ltr'>lnam</span> <span class='ocrx_word' id='word_1_53' title='bbox 1253 1040 1287 1099; x_wconf 89' lang='lat' dir='ltr'>et</span> 
     </span>
     <span class='ocr_line' id='line_1_8' title="bbox 191 1130 1285 1213; baseline 0.001 -20"><span class='ocrx_word' id='word_1_54' title='bbox 191 1131 281 1206; x_wconf 86' lang='lat' dir='ltr'>nuic,</span> <span class='ocrx_word' id='word_1_55' title='bbox 298 1131 423 1196; x_wconf 89' lang='lat' dir='ltr'>scilicet</span> <span class='ocrx_word' id='word_1_56' title='bbox 445 1147 561 1196; x_wconf 91' lang='lat' dir='ltr'>caveae</span> <span class='ocrx_word' id='word_1_57' title='bbox 583 1132 735 1202; x_wconf 83' lang='lat' dir='ltr'>vinariae.</span> <span class='ocrx_word' id='word_1_58' title='bbox 755 1132 853 1197; x_wconf 86' lang='lat' dir='ltr'>etiam</span> <span class='ocrx_word' id='word_1_59' title='bbox 876 1135 1031 1213; x_wconf 83' lang='lat' dir='ltr'>praeerat)</span> <span class='ocrx_word' id='word_1_60' title='bbox 1060 1130 1129 1196; x_wconf 89' lang='lat' dir='ltr'>suis</span> <span class='ocrx_word' id='word_1_61' title='bbox 1151 1133 1285 1212; x_wconf 85' lang='lat' dir='ltr'>sumpti-</span> 
     </span>
     <span class='ocr_line' id='line_1_9' title="bbox 161 1229 1192 1313; baseline 0.001 -21"><span class='ocrx_word' id='word_1_62' title='bbox 161 1243 172 1309; x_wconf 66' lang='lat' dir='ltr'>j</span> <span class='ocrx_word' id='word_1_63' title='bbox 191 1229 256 1293; x_wconf 92' lang='lat' dir='ltr'>bus</span> <span class='ocrx_word' id='word_1_64' title='bbox 271 1229 376 1293; x_wconf 89' lang='lat' dir='ltr'>omnis</span> <span class='ocrx_word' id='word_1_65' title='bbox 392 1229 519 1310; x_wconf 81' lang='lat' dir='ltr'>generis</span> <span class='ocrx_word' id='word_1_66' title='bbox 536 1230 638 1295; x_wconf 91' lang='lat' dir='ltr'>libros</span> <span class='ocrx_word' id='word_1_67' title='bbox 654 1231 806 1296; x_wconf 86' lang='lat' dir='ltr'>exhibere</span> <span class='ocrx_word' id='word_1_68' title='bbox 822 1246 951 1311; x_wconf 92' lang='lat' dir='ltr'>semper</span> <span class='ocrx_word' id='word_1_69' title='bbox 967 1242 1096 1313; x_wconf 86' lang='lat' dir='ltr'>paratus</span> <span class='ocrx_word' id='word_1_70' title='bbox 1113 1238 1192 1294; x_wconf 86' lang='lat' dir='ltr'>erat.</span> 
     </span>
    </p>
   </div>
   <div class='ocr_carea' id='block_1_3' title="bbox 193 1323 1373 1409">
    <p class='ocr_par' dir='ltr' id='par_1_3' title="bbox 193 1323 1373 1409">
     <span class='ocr_line' id='line_1_10' title="bbox 193 1323 1373 1409; baseline 0 -19"><span class='ocrx_word' id='word_1_71' title='bbox 193 1323 198 1332; x_wconf 89' lang='lat'>&#39;</span> <span class='ocrx_word' id='word_1_72' title='bbox 237 1327 316 1392; x_wconf 87' lang='lat' dir='ltr'>bein</span> <span class='ocrx_word' id='word_1_73' title='bbox 332 1343 415 1392; x_wconf 92' lang='lat' dir='ltr'>anno</span> <span class='ocrx_word' id='word_1_74' title='bbox 432 1326 512 1390; x_wconf 72' lang='lat' dir='ltr'>ltro</span> <span class='ocrx_word' id='word_1_75' title='bbox 528 1327 671 1392; x_wconf 90' lang='lat' dir='ltr'>unanimi</span> <span class='ocrx_word' id='word_1_76' title='bbox 687 1327 840 1409; x_wconf 80' lang='lat' dir='ltr'>suffragio</span> <span class='ocrx_word' id='word_1_77' title='bbox 856 1327 889 1391; x_wconf 93' lang='lat' dir='ltr'>in</span> <span class='ocrx_word' id='word_1_78' title='bbox 902 1337 1062 1398; x_wconf 88' lang='lat' dir='ltr'>rectorem</span> <span class='ocrx_word' id='word_1_79' title='bbox 1080 1326 1284 1408; x_wconf 81' lang='lat' dir='ltr'>magnificum</span> <span class='ocrx_word' id='word_1_80' title='bbox 1371 1361 1373 1369; x_wconf 69' lang='lat'><em>,</em></span> 
     </span>
    </p>
   </div>
   <div class='ocr_carea' id='block_1_4' title="bbox 191 1424 1284 1509">
    <p class='ocr_par' dir='ltr' id='par_1_4' title="bbox 191 1424 1284 1509">
     <span class='ocr_line' id='line_1_11' title="bbox 191 1424 1284 1509; baseline 0.004 -23"><span class='ocrx_word' id='word_1_81' title='bbox 191 1424 291 1506; x_wconf 89' lang='lat' dir='ltr'>hujus</span> <span class='ocrx_word' id='word_1_82' title='bbox 303 1425 527 1490; x_wconf 88' lang='lat' dir='ltr'>Universitatis</span> <span class='ocrx_word' id='word_1_83' title='bbox 538 1425 734 1502; x_wconf 63' lang='lat' dir='ltr'>assumitur}</span> <span class='ocrx_word' id='word_1_84' title='bbox 753 1426 807 1507; x_wconf 87' lang='lat' dir='ltr'>qui</span> <span class='ocrx_word' id='word_1_85' title='bbox 823 1427 929 1490; x_wconf 88' lang='lat' dir='ltr'>honos</span> <span class='ocrx_word' id='word_1_86' title='bbox 941 1425 1053 1490; x_wconf 89' lang='lat' dir='ltr'>decem</span> <span class='ocrx_word' id='word_1_87' title='bbox 1066 1433 1178 1506; x_wconf 90' lang='lat' dir='ltr'>postea</span> <span class='ocrx_word' id='word_1_88' title='bbox 1191 1441 1284 1509; x_wconf 90' lang='lat' dir='ltr'>repe·</span> 
     </span>
    </p>
   </div>
   <div class='ocr_carea' id='block_1_5' title="bbox 192 1519 1402 1702">
    <p class='ocr_par' dir='ltr' id='par_1_5' title="bbox 192 1519 1402 1702">
     <span class='ocr_line' id='line_1_12' title="bbox 192 1519 1402 1608; baseline 0 -22"><span class='ocrx_word' id='word_1_89' title='bbox 192 1523 263 1608; x_wconf 85' lang='lat' dir='ltr'>¹titis</span> <span class='ocrx_word' id='word_1_90' title='bbox 279 1523 405 1588; x_wconf 86' lang='lat' dir='ltr'>vicibus</span> <span class='ocrx_word' id='word_1_91' title='bbox 421 1523 525 1588; x_wconf 89' lang='lat' dir='ltr'>eidem</span> <span class='ocrx_word' id='word_1_92' title='bbox 540 1523 666 1592; x_wconf 90' lang='lat' dir='ltr'>delatus</span> <span class='ocrx_word' id='word_1_93' title='bbox 684 1525 741 1590; x_wconf 84' lang='lat' dir='ltr'>luit</span> <span class='ocrx_word' id='word_1_94' title='bbox 764 1531 795 1590; x_wconf 86' lang='lat' dir='ltr'>e&#39;t</span> <span class='ocrx_word' id='word_1_95' title='bbox 818 1527 948 1605; x_wconf 88' lang='lat' dir='ltr'>saepius</span> <span class='ocrx_word' id='word_1_96' title='bbox 972 1524 1068 1608; x_wconf 90' lang='lat' dir='ltr'>etiam</span> <span class='ocrx_word' id='word_1_97' title='bbox 1092 1523 1231 1588; x_wconf 89' lang='lat' dir='ltr'>oblatus.</span> <span class='ocrx_word' id='word_1_98' title='bbox 1248 1523 1285 1587; x_wconf 90' lang='lat' dir='ltr'>ln</span> <span class='ocrx_word' id='word_1_99' title='bbox 1394 1519 1402 1530; x_wconf 92' lang='grc'><strong>’</strong></span> 
     </span>
     <span class='ocr_line' id='line_1_13' title="bbox 192 1615 1399 1702; baseline -0.001 -17"><span class='ocrx_word' id='word_1_100' title='bbox 192 1623 255 1685; x_wconf 89' lang='lat' dir='ltr'>hac</span> <span class='ocrx_word' id='word_1_101' title='bbox 271 1621 571 1702; x_wconf 81' lang='lat' dir='ltr'>sublimi-dignitate</span> <span class='ocrx_word' id='word_1_102' title='bbox 594 1623 731 1702; x_wconf 73' lang='lat' dir='ltr'>positus</span> <span class='ocrx_word' id='word_1_103' title='bbox 750 1623 868 1687; x_wconf 88' lang='lat' dir='ltr'>talenta</span> <span class='ocrx_word' id='word_1_104' title='bbox 891 1622 920 1687; x_wconf 91' lang='lat' dir='ltr'>ei</span> <span class='ocrx_word' id='word_1_105' title='bbox 939 1621 1097 1686; x_wconf 71' lang='lat' dir='ltr'>&#39;divinitus</span> <span class='ocrx_word' id='word_1_106' title='bbox 1114 1621 1229 1686; x_wconf 89' lang='lat' dir='ltr'>tradita</span> <span class='ocrx_word' id='word_1_107' title='bbox 1245 1622 1284 1685; x_wconf 92' lang='lat' dir='ltr'>ad</span> <span class='ocrx_word' id='word_1_108' title='bbox 1386 1615 1399 1637; x_wconf 86' lang='lat'><strong><em>‘</em></strong></span> 
     </span>
    </p>
   </div>
   <div class='ocr_carea' id='block_1_6' title="bbox 187 1713 1323 3074">
    <p class='ocr_par' dir='ltr' id='par_1_6' title="bbox 187 1713 1323 3074">
     <span class='ocr_line' id='line_1_14' title="bbox 193 1713 1176 1802; baseline -0.002 -18"><span class='ocrx_word' id='word_1_109' title='bbox 193 1719 364 1784; x_wconf 89' lang='lat' dir='ltr'>utilitatem</span> <span class='ocrx_word' id='word_1_110' title='bbox 382 1719 551 1798; x_wconf 87' lang='lat' dir='ltr'>publicam,</span> <span class='ocrx_word' id='word_1_111' title='bbox 570 1721 760 1786; x_wconf 81' lang='lat' dir='ltr'>Academiae</span> <span class='ocrx_word' id='word_1_112' title='bbox 776 1713 978 1802; x_wconf 89' lang='lat' dir='ltr'>praesertim,</span> <span class='ocrx_word' id='word_1_113' title='bbox 995 1719 1176 1785; x_wconf 90' lang='lat' dir='ltr'>collocavit.</span> 
     </span>
     <span class='ocr_line' id='line_1_15' title="bbox 236 1815 1323 1895; baseline -0.003 -12"><span class='ocrx_word' id='word_1_114' title='bbox 236 1815 357 1883; x_wconf 88' lang='lat' dir='ltr'>Nactus</span> <span class='ocrx_word' id='word_1_115' title='bbox 373 1829 440 1882; x_wconf 85' lang='lat' dir='ltr'>erat</span> <span class='ocrx_word' id='word_1_116' title='bbox 453 1816 596 1892; x_wconf 75' lang='lat' dir='ltr'>animum</span> <span class='ocrx_word' id='word_1_117' title='bbox 613 1819 800 1884; x_wconf 88' lang='lat' dir='ltr'>naturaliter</span> <span class='ocrx_word' id='word_1_118' title='bbox 815 1819 948 1895; x_wconf 91' lang='lat' dir='ltr'>bonum,</span> <span class='ocrx_word' id='word_1_119' title='bbox 972 1817 1122 1882; x_wconf 88' lang='lat' dir='ltr'>inimicus</span> <span class='ocrx_word' id='word_1_120' title='bbox 1147 1823 1201 1880; x_wconf 90' lang='lat' dir='ltr'>aut</span> <span class='ocrx_word' id='word_1_121' title='bbox 1216 1833 1284 1880; x_wconf 91' lang='lat' dir='ltr'>mo·</span> <span class='ocrx_word' id='word_1_122' title='bbox 1316 1884 1323 1894; x_wconf 68' lang='grc'>,</span> 
     </span>
     <span class='ocr_line' id='line_1_16' title="bbox 192 1907 1285 2004; baseline 0 -26"><span class='ocrx_word' id='word_1_123' title='bbox 192 1917 298 1980; x_wconf 90' lang='lat' dir='ltr'>lestus</span> <span class='ocrx_word' id='word_1_124' title='bbox 314 1915 446 1992; x_wconf 91' lang='lat' dir='ltr'>nemini,</span> <span class='ocrx_word' id='word_1_125' title='bbox 464 1907 777 2004; x_wconf 81' lang='lat' dir='ltr'>affabilisomnibus,</span> <span class='ocrx_word' id='word_1_126' title='bbox 796 1917 943 1982; x_wconf 88' lang='lat' dir='ltr'>sincerus</span> <span class='ocrx_word' id='word_1_127' title='bbox 959 1926 991 1981; x_wconf 89' lang='lat' dir='ltr'>et</span> <span class='ocrx_word' id='word_1_128' title='bbox 1006 1915 1163 1980; x_wconf 87' lang='lat' dir='ltr'>candidus</span> <span class='ocrx_word' id='word_1_129' title='bbox 1179 1932 1235 1980; x_wconf 90' lang='lat' dir='ltr'>cor</span> <span class='ocrx_word' id='word_1_130' title='bbox 1252 1915 1285 1978; x_wconf 93' lang='lat' dir='ltr'>in</span> 
     </span>
     <span class='ocr_line' id='line_1_17' title="bbox 189 2013 1286 2096; baseline -0.002 -18"><span class='ocrx_word' id='word_1_131' title='bbox 189 2030 251 2078; x_wconf 92' lang='lat' dir='ltr'>ore</span> <span class='ocrx_word' id='word_1_132' title='bbox 276 2013 440 2093; x_wconf 61' lang='lat' dir='ltr'>gestabam</span> <span class='ocrx_word' id='word_1_133' title='bbox 468 2015 620 2095; x_wconf 84' lang='lat' dir='ltr'>profusus</span> <span class='ocrx_word' id='word_1_134' title='bbox 646 2015 678 2078; x_wconf 90' lang='lat' dir='ltr'>in</span> <span class='ocrx_word' id='word_1_135' title='bbox 702 2033 835 2096; x_wconf 82' lang='lat' dir='ltr'>egenos,</span> <span class='ocrx_word' id='word_1_136' title='bbox 849 2015 1000 2080; x_wconf 88' lang='lat' dir='ltr'>liberalis</span> <span class='ocrx_word' id='word_1_137' title='bbox 1023 2015 1055 2076; x_wconf 91' lang='lat' dir='ltr'>io</span> <span class='ocrx_word' id='word_1_138' title='bbox 1078 2027 1191 2087; x_wconf 87' lang='lat' dir='ltr'>omnes</span> <span class='ocrx_word' id='word_1_139' title='bbox 1213 2029 1286 2077; x_wconf 94' lang='lat' dir='ltr'>cum</span> 
     </span>
     <span class='ocr_line' id='line_1_18' title="bbox 192 2109 1285 2188; baseline 0 -15"><span class='ocrx_word' id='word_1_140' title='bbox 192 2111 366 2184; x_wconf 81' lang='lat' dir='ltr'>hilaritate,</span> <span class='ocrx_word' id='word_1_141' title='bbox 399 2111 484 2176; x_wconf 89' lang='lat' dir='ltr'>mitis</span> <span class='ocrx_word' id='word_1_142' title='bbox 514 2113 686 2178; x_wconf 88' lang='lat' dir='ltr'>admodum</span> <span class='ocrx_word' id='word_1_143' title='bbox 715 2123 747 2177; x_wconf 91' lang='lat' dir='ltr'>et</span> <span class='ocrx_word' id='word_1_144' title='bbox 776 2113 937 2178; x_wconf 89' lang='lat' dir='ltr'>vindictae</span> <span class='ocrx_word' id='word_1_145' title='bbox 964 2111 1114 2188; x_wconf 89' lang='lat' dir='ltr'>nescius;</span> <span class='ocrx_word' id='word_1_146' title='bbox 1146 2111 1203 2176; x_wconf 89' lang='lat' dir='ltr'>sed</span> <span class='ocrx_word' id='word_1_147' title='bbox 1233 2109 1285 2175; x_wconf 90' lang='lat' dir='ltr'>v&#39;el</span> 
     </span>
     <span class='ocr_line' id='line_1_19' title="bbox 191 2207 1283 2288; baseline 0.001 -16"><span class='ocrx_word' id='word_1_148' title='bbox 191 2208 333 2272; x_wconf 85' lang='lat' dir='ltr'>maxime</span> <span class='ocrx_word' id='word_1_149' title='bbox 355 2209 443 2288; x_wconf 81' lang='lat' dir='ltr'>pacis</span> <span class='ocrx_word' id='word_1_150' title='bbox 465 2218 497 2274; x_wconf 89' lang='lat' dir='ltr'>et</span> <span class='ocrx_word' id='word_1_151' title='bbox 523 2209 716 2274; x_wconf 85' lang='lat' dir='ltr'>concordiae</span> <span class='ocrx_word' id='word_1_152' title='bbox 736 2217 883 2275; x_wconf 83' lang='lat' dir='ltr'>sectator</span> <span class='ocrx_word' id='word_1_153' title='bbox 908 2207 1181 2282; x_wconf 80' lang='lat' dir='ltr'>studiosissimus,</span> <span class='ocrx_word' id='word_1_154' title='bbox 1203 2207 1283 2273; x_wconf 89' lang='lat' dir='ltr'>adeo</span> 
     </span>
     <span class='ocr_line' id='line_1_20' title="bbox 191 2307 1285 2390; baseline -0.005 -16"><span class='ocrx_word' id='word_1_155' title='bbox 191 2319 238 2382; x_wconf 87' lang='lat' dir='ltr'>ut,</span> <span class='ocrx_word' id='word_1_156' title='bbox 256 2307 393 2372; x_wconf 90' lang='lat' dir='ltr'>rectoris</span> <span class='ocrx_word' id='word_1_157' title='bbox 406 2307 587 2372; x_wconf 89' lang='lat' dir='ltr'>Academici</span> <span class='ocrx_word' id='word_1_158' title='bbox 601 2325 733 2374; x_wconf 91' lang='lat' dir='ltr'>munere</span> <span class='ocrx_word' id='word_1_159' title='bbox 748 2309 896 2390; x_wconf 75' lang='lat' dir='ltr'>stringens,</span> <span class='ocrx_word' id='word_1_160' title='bbox 911 2309 944 2371; x_wconf 92' lang='lat' dir='ltr'>in</span> <span class='ocrx_word' id='word_1_161' title='bbox 959 2308 992 2374; x_wconf 92' lang='lat' dir='ltr'>id</span> <span class='ocrx_word' id='word_1_162' title='bbox 1007 2308 1167 2372; x_wconf 85' lang='lat' dir='ltr'>laboraret</span> <span class='ocrx_word' id='word_1_163' title='bbox 1185 2307 1285 2386; x_wconf 89' lang='lat' dir='ltr'>potis-</span> 
     </span>
     <span class='ocr_line' id='line_1_21' title="bbox 187 2405 1281 2492; baseline 0.001 -25"><span class='ocrx_word' id='word_1_164' title='bbox 187 2405 325 2492; x_wconf 68' lang='lat' dir='ltr'>simum,</span> <span class='ocrx_word' id='word_1_165' title='bbox 344 2405 716 2475; x_wconf 81' lang='lat' dir='ltr'>utinter·Universitatis</span> <span class='ocrx_word' id='word_1_166' title='bbox 734 2407 875 2472; x_wconf 82' lang='lat' dir='ltr'>membre</span> <span class='ocrx_word' id='word_1_167' title='bbox 896 2405 1048 2487; x_wconf 85' lang='lat' dir='ltr'>primarie</span> <span class='ocrx_word' id='word_1_168' title='bbox 1064 2405 1190 2470; x_wconf 85' lang='lat' dir='ltr'>stabilis</span> <span class='ocrx_word' id='word_1_169' title='bbox 1203 2421 1281 2469; x_wconf 90' lang='lat' dir='ltr'>con-</span> 
     </span>
     <span class='ocr_line' id='line_1_22' title="bbox 191 2502 1284 2594; baseline 0.002 -26"><span class='ocrx_word' id='word_1_170' title='bbox 191 2511 379 2568; x_wconf 86' lang='lat' dir='ltr'>servaretur</span> <span class='ocrx_word' id='word_1_171' title='bbox 395 2519 455 2584; x_wconf 90' lang='lat' dir='ltr'>pax</span> <span class='ocrx_word' id='word_1_172' title='bbox 469 2511 501 2568; x_wconf 92' lang='lat' dir='ltr'>et</span> <span class='ocrx_word' id='word_1_173' title='bbox 523 2504 708 2580; x_wconf 88' lang='lat' dir='ltr'>concordia,</span> <span class='ocrx_word' id='word_1_174' title='bbox 726 2521 767 2570; x_wconf 93' lang='lat' dir='ltr'>ne</span> <span class='ocrx_word' id='word_1_175' title='bbox 789 2521 846 2594; x_wconf 85' lang='lat' dir='ltr'>per</span> <span class='ocrx_word' id='word_1_176' title='bbox 861 2502 1042 2568; x_wconf 79' lang='lat' dir='ltr'>discordias</span> <span class='ocrx_word' id='word_1_177' title='bbox 1064 2502 1208 2567; x_wconf 89' lang='lat' dir='ltr'>internas</span> <span class='ocrx_word' id='word_1_178' title='bbox 1231 2517 1284 2570; x_wconf 80' lang='lat' dir='ltr'>res</span> 
     </span>
     <span class='ocr_line' id='line_1_23' title="bbox 192 2599 1283 2684; baseline -0.001 -20"><span class='ocrx_word' id='word_1_179' title='bbox 192 2599 376 2666; x_wconf 85' lang='lat' dir='ltr'>academica</span> <span class='ocrx_word' id='word_1_180' title='bbox 393 2601 599 2666; x_wconf 86' lang='lat' dir='ltr'>dilaberetur.</span> <span class='ocrx_word' id='word_1_181' title='bbox 616 2603 735 2668; x_wconf 88' lang='lat' dir='ltr'>Eodem</span> <span class='ocrx_word' id='word_1_182' title='bbox 751 2603 839 2684; x_wconf 87' lang='lat' dir='ltr'>pacis</span> <span class='ocrx_word' id='word_1_183' title='bbox 860 2600 1192 2672; x_wconf 12' lang='lat' dir='ltr'>studidrsubditorom</span> <span class='ocrx_word' id='word_1_184' title='bbox 1207 2607 1283 2664; x_wconf 89' lang='lat' dir='ltr'>cab·</span> 
     </span>
     <span class='ocr_line' id='line_1_24' title="bbox 196 2689 1284 2780; baseline -0.003 -17"><span class='ocrx_word' id='word_1_185' title='bbox 196 2713 253 2763; x_wconf 84' lang='lat' dir='ltr'>sas</span> <span class='ocrx_word' id='word_1_186' title='bbox 267 2695 308 2762; x_wconf 85' lang='lat' dir='ltr'>ad</span> <span class='ocrx_word' id='word_1_187' title='bbox 323 2716 397 2764; x_wconf 87' lang='lat' dir='ltr'>eum</span> <span class='ocrx_word' id='word_1_188' title='bbox 413 2709 448 2764; x_wconf 91' lang='lat' dir='ltr'>ut</span> <span class='ocrx_word' id='word_1_189' title='bbox 459 2689 600 2780; x_wconf 79' lang='lat' dir='ltr'>iudicem</span> <span class='ocrx_word' id='word_1_190' title='bbox 617 2701 835 2776; x_wconf 86' lang='lat' dir='ltr'>academicum</span> <span class='ocrx_word' id='word_1_191' title='bbox 851 2699 971 2764; x_wconf 86' lang='lat' dir='ltr'>delatas</span> <span class='ocrx_word' id='word_1_192' title='bbox 987 2689 1147 2763; x_wconf 78' lang='lat' dir='ltr'>amicabili</span> <span class='ocrx_word' id='word_1_193' title='bbox 1164 2697 1284 2780; x_wconf 85' lang='lat' dir='ltr'>passim</span> 
     </span>
     <span class='ocr_line' id='line_1_25' title="bbox 194 2796 1167 2878; baseline -0.003 -16"><span class='ocrx_word' id='word_1_194' title='bbox 194 2797 415 2862; x_wconf 85' lang='lat' dir='ltr'>transactione</span> <span class='ocrx_word' id='word_1_195' title='bbox 431 2797 587 2878; x_wconf 89' lang='lat' dir='ltr'>sopiebat,</span> <span class='ocrx_word' id='word_1_196' title='bbox 604 2798 713 2863; x_wconf 85' lang='lat' dir='ltr'>addito</span> <span class='ocrx_word' id='word_1_197' title='bbox 729 2798 824 2862; x_wconf 89' lang='lat' dir='ltr'>etiam</span> <span class='ocrx_word' id='word_1_198' title='bbox 839 2796 1025 2878; x_wconf 81' lang='lat' dir='ltr'>frequenter</span> <span class='ocrx_word' id='word_1_199' title='bbox 1039 2796 1080 2862; x_wconf 92' lang='lat' dir='ltr'>de</span> <span class='ocrx_word' id='word_1_200' title='bbox 1095 2813 1167 2861; x_wconf 91' lang='lat' dir='ltr'>suo.</span> 
     </span>
     <span class='ocr_line' id='line_1_26' title="bbox 234 2894 1284 2976; baseline 0 -17"><span class='ocrx_word' id='word_1_201' title='bbox 234 2895 417 2976; x_wconf 87' lang='lat' dir='ltr'>Principem</span> <span class='ocrx_word' id='word_1_202' title='bbox 433 2895 561 2976; x_wconf 83' lang='lat' dir='ltr'>regium</span> <span class='ocrx_word' id='word_1_203' title='bbox 585 2895 732 2960; x_wconf 87' lang='lat' dir='ltr'>Garolum</span> <span class='ocrx_word' id='word_1_204' title='bbox 756 2895 1027 2976; x_wconf 75' lang='lat' dir='ltr'>lotharingioum,</span> <span class='ocrx_word' id='word_1_205' title='bbox 1047 2895 1144 2976; x_wconf 82' lang='lat' dir='ltr'>belgii</span> <span class='ocrx_word' id='word_1_206' title='bbox 1167 2894 1284 2975; x_wconf 84' lang='lat' dir='ltr'>guber-</span> 
     </span>
     <span class='ocr_line' id='line_1_27' title="bbox 194 2992 1281 3074; baseline 0 -18"><span class='ocrx_word' id='word_1_207' title='bbox 194 3000 351 3070; x_wconf 82' lang='lat' dir='ltr'>natorem,</span> <span class='ocrx_word' id='word_1_208' title='bbox 383 3000 448 3058; x_wconf 89' lang='lat' dir='ltr'>tota</span> <span class='ocrx_word' id='word_1_209' title='bbox 478 2993 614 3074; x_wconf 88' lang='lat' dir='ltr'>stipatus</span> <span class='ocrx_word' id='word_1_210' title='bbox 642 2993 825 3071; x_wconf 81' lang='lat' dir='ltr'>Academia,</span> <span class='ocrx_word' id='word_1_211' title='bbox 857 3003 964 3058; x_wconf 89' lang='lat' dir='ltr'>rector</span> <span class='ocrx_word' id='word_1_212' title='bbox 993 2993 1137 3059; x_wconf 80' lang='lat' dir='ltr'>existens</span> <span class='ocrx_word' id='word_1_213' title='bbox 1175 2992 1281 3056; x_wconf 89' lang='lat' dir='ltr'>tribus</span> 
     </span>
    </p>
   </div>
   <div class='ocr_carea' id='block_1_7' title="bbox 175 3073 1451 3180">
    <p class='ocr_par' dir='ltr' id='par_1_7' title="bbox 175 3073 1451 3180">
     <span class='ocr_line' id='line_1_28' title="bbox 175 3073 1451 3180; baseline -0.002 -24"><span class='ocrx_word' id='word_1_214' title='bbox 175 3091 319 3157; x_wconf 72' lang='lat' dir='ltr'>uicibus</span> <span class='ocrx_word' id='word_1_215' title='bbox 342 3073 491 3156; x_wconf 78' lang='lat' dir='ltr'>salutavit</span> <span class='ocrx_word' id='word_1_216' title='bbox 508 3109 517 3155; x_wconf 77' lang='grc' dir='ltr'><em>τ</em></span> <span class='ocrx_word' id='word_1_217' title='bbox 534 3093 566 3154; x_wconf 75' lang='lat' dir='ltr'>l·</span> <span class='ocrx_word' id='word_1_218' title='bbox 580 3093 668 3167; x_wconf 82' lang='lat' dir='ltr'>dum,</span> <span class='ocrx_word' id='word_1_219' title='bbox 686 3091 771 3156; x_wconf 92' lang='lat' dir='ltr'>bello</span> <span class='ocrx_word' id='word_1_220' title='bbox 787 3091 889 3168; x_wconf 87' lang='lat' dir='ltr'>finito,</span> <span class='ocrx_word' id='word_1_221' title='bbox 908 3091 1027 3172; x_wconf 84' lang='lat' dir='ltr'>patriae</span> <span class='ocrx_word' id='word_1_222' title='bbox 1042 3091 1197 3165; x_wconf 83' lang='lat' dir='ltr'>habenas,</span> <span class='ocrx_word' id='word_1_223' title='bbox 1214 3097 1281 3154; x_wconf 91' lang='lat' dir='ltr'>toto</span> <span class='ocrx_word' id='word_1_224' title='bbox 1375 3170 1379 3179; x_wconf 30' lang='grc' dir='ltr'>Ι</span> <span class='ocrx_word' id='word_1_225' title='bbox 1399 3097 1406 3122; x_wconf 84' lang='lat'><strong>·</strong></span> <span class='ocrx_word' id='word_1_226' title='bbox 1447 3173 1451 3180; x_wconf 25' lang='grc' dir='ltr'>Ι</span> 
     </span>
    </p>
   </div>
   <div class='ocr_carea' id='block_1_8' title="bbox 192 3179 1284 3467">
    <p class='ocr_par' dir='ltr' id='par_1_8' title="bbox 192 3179 1284 3467">
     <span class='ocr_line' id='line_1_29' title="bbox 193 3179 1284 3270; baseline -0.001 -19"><span class='ocrx_word' id='word_1_227' title='bbox 193 3179 365 3269; x_wconf 84' lang='lat' dir='ltr'>plaudente</span> <span class='ocrx_word' id='word_1_228' title='bbox 377 3189 497 3270; x_wconf 78' lang='lat' dir='ltr'>Belgio,</span> <span class='ocrx_word' id='word_1_229' title='bbox 514 3189 691 3270; x_wconf 86' lang='lat' dir='ltr'>resumpsit</span> <span class='ocrx_word' id='word_1_230' title='bbox 707 3190 857 3270; x_wconf 88' lang='lat' dir='ltr'>princeps</span> <span class='ocrx_word' id='word_1_231' title='bbox 874 3190 1031 3270; x_wconf 66' lang='lat' dir='ltr'>optimum</span> <span class='ocrx_word' id='word_1_232' title='bbox 1049 3189 1082 3250; x_wconf 59' lang='grc' dir='ltr'>θ’</span> <span class='ocrx_word' id='word_1_233' title='bbox 1093 3190 1169 3253; x_wconf 91' lang='lat' dir='ltr'>dum</span> <span class='ocrx_word' id='word_1_234' title='bbox 1181 3187 1284 3258; x_wconf 84' lang='lat' dir='ltr'>hallas</span> 
     </span>
     <span class='ocr_line' id='line_1_30' title="bbox 192 3284 1283 3369; baseline 0 -19"><span class='ocrx_word' id='word_1_235' title='bbox 192 3295 323 3352; x_wconf 88' lang='lat' dir='ltr'>nostras</span> <span class='ocrx_word' id='word_1_236' title='bbox 348 3287 381 3350; x_wconf 91' lang='lat' dir='ltr'>in</span> <span class='ocrx_word' id='word_1_237' title='bbox 407 3297 481 3352; x_wconf 89' lang='lat' dir='ltr'>actu</span> <span class='ocrx_word' id='word_1_238' title='bbox 508 3287 657 3352; x_wconf 87' lang='lat' dir='ltr'>licentiae</span> <span class='ocrx_word' id='word_1_239' title='bbox 683 3288 770 3369; x_wconf 82' lang='lat' dir='ltr'>regia</span> <span class='ocrx_word' id='word_1_240' title='bbox 799 3303 858 3353; x_wconf 86' lang='lat' dir='ltr'>sne</span> <span class='ocrx_word' id='word_1_241' title='bbox 886 3287 1067 3368; x_wconf 85' lang='lat' dir='ltr'>praesentia</span> <span class='ocrx_word' id='word_1_242' title='bbox 1093 3284 1283 3361; x_wconf 78' lang='lat' dir='ltr'>illustra&#39;vit3</span> 
     </span>
     <span class='ocr_line' id='line_1_31' title="bbox 192 3383 1282 3467; baseline -0.002 -19"><span class='ocrx_word' id='word_1_243' title='bbox 192 3385 225 3448; x_wconf 74' lang='lat'>3⁸</span> <span class='ocrx_word' id='word_1_244' title='bbox 240 3385 318 3450; x_wconf 91' lang='lat' dir='ltr'>dom</span> <span class='ocrx_word' id='word_1_245' title='bbox 344 3387 468 3467; x_wconf 67' lang='lat' dir='ltr'>regales</span> <span class='ocrx_word' id='word_1_246' title='bbox 492 3401 607 3451; x_wconf 87' lang='lat' dir='ltr'>manus</span> <span class='ocrx_word' id='word_1_247' title='bbox 632 3387 739 3452; x_wconf 86' lang='lat' dir='ltr'>canali</span> <span class='ocrx_word' id='word_1_248' title='bbox 761 3385 965 3462; x_wconf 64' lang='lat' dir='ltr'>Levaniensi,</span> <span class='ocrx_word' id='word_1_249' title='bbox 991 3403 1088 3466; x_wconf 78' lang='lat' dir='ltr'>quom</span> <span class='ocrx_word' id='word_1_250' title='bbox 1110 3383 1282 3456; x_wconf 87' lang='lat' dir='ltr'>condebat,</span> 
     </span>
    </p>
   </div>
   <div class='ocr_carea' id='block_1_9' title="bbox 4 3481 1285 3566">
    <p class='ocr_par' dir='ltr' id='par_1_9' title="bbox 4 3481 1285 3566">
     <span class='ocr_line' id='line_1_32' title="bbox 4 3481 1285 3566; baseline -0.009 -12"><span class='ocrx_word' id='word_1_251' title='bbox 4 3547 5 3554; x_wconf 74' lang='grc'>,</span> <span class='ocrx_word' id='word_1_252' title='bbox 48 3483 53 3494; x_wconf 88' lang='grc'><em>“</em></span> <span class='ocrx_word' id='word_1_253' title='bbox 93 3519 102 3528; x_wconf 83' lang='grc'><em>·</em></span> <span class='ocrx_word' id='word_1_254' title='bbox 191 3483 524 3550; x_wconf 87' lang='lat' dir='ltr'>admovensCarolus</span> <span class='ocrx_word' id='word_1_255' title='bbox 547 3484 685 3565; x_wconf 90' lang='lat' dir='ltr'>primum</span> <span class='ocrx_word' id='word_1_256' title='bbox 710 3502 749 3550; x_wconf 82' lang='lat' dir='ltr'>ex</span> <span class='ocrx_word' id='word_1_257' title='bbox 770 3502 810 3550; x_wconf 92' lang='lat' dir='ltr'>eo</span> <span class='ocrx_word' id='word_1_258' title='bbox 832 3485 987 3566; x_wconf 84' lang='lat' dir='ltr'>cespitem</span> <span class='ocrx_word' id='word_1_259' title='bbox 1014 3485 1066 3550; x_wconf 92' lang='lat' dir='ltr'>die</span> <span class='ocrx_word' id='word_1_260' title='bbox 1092 3485 1110 3548; x_wconf 82' lang='lat'>9</span> <span class='ocrx_word' id='word_1_261' title='bbox 1132 3481 1285 3548; x_wconf 85' lang='lat' dir='ltr'>iebruarii</span> 
     </span>
    </p>
   </div>
   <div class='ocr_carea' id='block_1_10' title="bbox 111 3575 1285 4152">
    <p class='ocr_par' dir='ltr' id='par_1_10' title="bbox 111 3575 1285 3859">
     <span class='ocr_line' id='line_1_33' title="bbox 190 3575 1285 3664; baseline -0.007 -16"><span class='ocrx_word' id='word_1_262' title='bbox 190 3583 276 3648; x_wconf 75' lang='lat' dir='ltr'>troo</span> <span class='ocrx_word' id='word_1_263' title='bbox 302 3583 375 3661; x_wconf 89' lang='lat' dir='ltr'>(boc</span> <span class='ocrx_word' id='word_1_264' title='bbox 400 3591 546 3664; x_wconf 89' lang='lat' dir='ltr'>ternpore</span> <span class='ocrx_word' id='word_1_265' title='bbox 574 3583 684 3649; x_wconf 87' lang='lat' dir='ltr'>ultima</span> <span class='ocrx_word' id='word_1_266' title='bbox 707 3575 965 3660; x_wconf 67' lang='lat' dir='ltr'>seu⁴undeoima</span> <span class='ocrx_word' id='word_1_267' title='bbox 991 3582 1062 3648; x_wconf 89' lang='lat' dir='ltr'>vice</span> <span class='ocrx_word' id='word_1_268' title='bbox 1081 3585 1285 3651; x_wconf 69' lang='lat' dir='ltr'>,rectoratom</span> 
     </span>
     <span class='ocr_line' id='line_1_34' title="bbox 111 3680 1285 3762; baseline -0.002 -19"><span class='ocrx_word' id='word_1_269' title='bbox 111 3749 113 3756; x_wconf 64' lang='grc'>,</span> <span class='ocrx_word' id='word_1_270' title='bbox 193 3681 335 3762; x_wconf 82' lang='lat' dir='ltr'>gerebat)</span> <span class='ocrx_word' id='word_1_271' title='bbox 350 3699 422 3746; x_wconf 89' lang='lat' dir='ltr'>oum</span> <span class='ocrx_word' id='word_1_272' title='bbox 438 3682 556 3748; x_wconf 87' lang='lat' dir='ltr'>civium</span> <span class='ocrx_word' id='word_1_273' title='bbox 573 3691 604 3748; x_wconf 89' lang='lat' dir='ltr'>et</span> <span class='ocrx_word' id='word_1_274' title='bbox 624 3680 882 3749; x_wconf 83' lang='lat' dir='ltr'>academicorum</span> <span class='ocrx_word' id='word_1_275' title='bbox 906 3681 1113 3756; x_wconf 85' lang='lat' dir='ltr'>exultatione,</span> <span class='ocrx_word' id='word_1_276' title='bbox 1131 3685 1285 3760; x_wconf 81' lang='lat' dir='ltr'>argenteo</span> 
     </span>
     <span class='ocr_line' id='line_1_35' title="bbox 193 3777 793 3859; baseline 0.012 -19"><span class='ocrx_word' id='word_1_277' title='bbox 193 3777 302 3859; x_wconf 79' lang='lat' dir='ltr'>ligone</span> <span class='ocrx_word' id='word_1_278' title='bbox 317 3779 440 3844; x_wconf 82' lang='lat' dir='ltr'>effodit.</span> <span class='ocrx_word' id='word_1_279' title='bbox 791 3785 793 3789; x_wconf 80' lang='grc'>’</span> 
     </span>
    </p>

    <p class='ocr_par' dir='ltr' id='par_1_11' title="bbox 176 3872 1284 4152">
     <span class='ocr_line' id='line_1_36' title="bbox 235 3872 1284 3960; baseline -0.001 -21"><span class='ocrx_word' id='word_1_280' title='bbox 235 3874 415 3944; x_wconf 86' lang='lat' dir='ltr'>Facundiae</span> <span class='ocrx_word' id='word_1_281' title='bbox 432 3889 513 3943; x_wconf 24' lang='lat' dir='ltr'>*suae</span> <span class='ocrx_word' id='word_1_282' title='bbox 534 3879 689 3944; x_wconf 90' lang='lat' dir='ltr'>talentum</span> <span class='ocrx_word' id='word_1_283' title='bbox 705 3878 800 3944; x_wconf 88' lang='lat' dir='ltr'>etiam</span> <span class='ocrx_word' id='word_1_284' title='bbox 822 3872 1027 3960; x_wconf 87' lang='lat' dir='ltr'>impendebat</span> <span class='ocrx_word' id='word_1_285' title='bbox 1048 3877 1081 3939; x_wconf 91' lang='lat' dir='ltr'>in</span> <span class='ocrx_word' id='word_1_286' title='bbox 1097 3873 1284 3950; x_wconf 85' lang='lat' dir='ltr'>instructio-</span> 
     </span>
     <span class='ocr_line' id='line_1_37' title="bbox 193 3970 1282 4057; baseline -0.003 -21"><span class='ocrx_word' id='word_1_287' title='bbox 193 3988 266 4037; x_wconf 89' lang='lat' dir='ltr'>nem</span> <span class='ocrx_word' id='word_1_288' title='bbox 282 3974 488 4054; x_wconf 89' lang='lat' dir='ltr'>parvularom</span> <span class='ocrx_word' id='word_1_289' title='bbox 504 3992 680 4057; x_wconf 89' lang='lat' dir='ltr'>pauperum</span> <span class='ocrx_word' id='word_1_290' title='bbox 702 3977 735 4039; x_wconf 93' lang='lat' dir='ltr'>in</span> <span class='ocrx_word' id='word_1_291' title='bbox 758 3975 868 4041; x_wconf 85' lang='lat' dir='ltr'>schola</span> <span class='ocrx_word' id='word_1_292' title='bbox 897 3975 996 4056; x_wconf 85' lang='lat' dir='ltr'>vulgo</span> <span class='ocrx_word' id='word_1_293' title='bbox 1011 3977 1079 4038; x_wconf 83' lang='lat' dir='ltr'>Dec</span> <span class='ocrx_word' id='word_1_294' title='bbox 1094 3970 1282 4054; x_wconf 68' lang='lat' dir='ltr'>duplicem,</span> 
     </span>
     <span class='ocr_line' id='line_1_38' title="bbox 176 4071 1283 4152; baseline -0.002 -18"><span class='ocrx_word' id='word_1_295' title='bbox 176 4079 226 4134; x_wconf 51' lang='lat' dir='ltr'>„et</span> <span class='ocrx_word' id='word_1_296' title='bbox 243 4071 348 4137; x_wconf 83' lang='lat' dir='ltr'>trium</span> <span class='ocrx_word' id='word_1_297' title='bbox 373 4073 560 4141; x_wconf 86' lang='lat' dir='ltr'>devotarum</span> <span class='ocrx_word' id='word_1_298' title='bbox 588 4073 791 4152; x_wconf 88' lang='lat' dir='ltr'>familiarum,</span> <span class='ocrx_word' id='word_1_299' title='bbox 822 4075 988 4141; x_wconf 83' lang='lat' dir='ltr'>Martcotm</span> <span class='ocrx_word' id='word_1_300' title='bbox 1013 4082 1144 4147; x_wconf 86' lang='lat' dir='ltr'>uocant,</span> <span class='ocrx_word' id='word_1_301' title='bbox 1171 4071 1283 4136; x_wconf 84' lang='lat' dir='ltr'>vivens</span> 
     </span>
    </p>
   </div>
   <div class='ocr_carea' id='block_1_11' title="bbox 403 4366 416 4397">
    <p class='ocr_par' dir='ltr' id='par_1_12' title="bbox 403 4366 416 4397">
     <span class='ocr_line' id='line_1_39' title="bbox 403 4366 416 4397; baseline 0 0"><span class='ocrx_word' id='word_1_302' title='bbox 403 4366 416 4397; x_wconf 60' lang='grc' dir='ltr'>Χ</span> 
     </span>
    </p>
   </div>
   <div class='ocr_carea' id='block_1_12' title="bbox 0 0 1556 4938">
    <p class='ocr_par' dir='ltr' id='par_1_13' title="bbox 0 0 1556 4938">
     <span class='ocr_line' id='line_1_40' title="bbox 0 0 1556 4938; baseline 0 0"><span class='ocrx_word' id='word_1_303' title='bbox 0 0 1556 4938; x_wconf 95' lang='lat' dir='ltr'> </span> 
     </span>
    </p>
   </div>
  </div>
 </body>
</html>
