3036 4946
689 417 866 482 -200-

239 603 259 639 a
275 591 306 646 et
328 581 459 647 domino
482 581 574 648 Petro
598 583 662 646 Van
686 584 748 648 den
771 583 865 661 ilalc,
883 583 1040 648 canonico
1063 582 1221 650 ecclesiae
1242 582 1327 648 beati

241 679 359 745 »Petri
389 680 466 745 dicti
494 681 603 763 oppidi
632 682 865 759 Lovanicnsis‚
899 683 1037 749 testibus
1073 683 1112 748 ad
1151 681 1330 765 praemissa

243 779 398 844 »voeatis
430 780 615 860 specialiter
644 789 740 862 atque
770 781 936 864 rogatis.»
966 782 1161 848 Facultatom
1191 798 1268 846 uero
1297 788 1331 846 et

243 879 465 944 auctoritatem
493 879 691 960 exprimendi
717 896 754 945 ac
781 881 1014 947 determinaudi
1043 897 1211 946 numerum
1235 896 1343 952 assu-¹

170 963 174 974 ’
244 976 432 1041 mendorum
448 985 479 1042 et
496 977 578 1050 loca,
595 995 634 1044 ex
650 978 765 1060 quibus
788 977 835 1042 illi
857 989 964 1046 ortum
986 979 1151 1054 habuisse,
1171 978 1330 1044 universi-

241 1082 400 1157 tatesque,
418 1077 584 1158 inquibus
601 1077 739 1159 promoti
754 1095 828 1144 esse
851 1079 1000 1152 debeant,
1019 1095 1145 1143 necnon
1167 1077 1329 1145 condendi

243 1175 404 1248 caedendi
421 1176 681 1252 constitutiones,
699 1177 920 1244 ordinationes
941 1187 973 1244 et
995 1185 1124 1252 statuta,
1143 1185 1174 1242 et
1193 1192 1331 1258 genera·

242 1273 316 1338 liter
330 1269 436 1339 omnia
461 1275 533 1350 alia,
551 1293 632 1358 quae
649 1276 680 1339 in
697 1277 883 1358 praemissis
899 1285 930 1342 et
952 1277 1037 1342 circa
1059 1293 1096 1340 ea
1112 1275 1281 1340 statuenda
1298 1285 1332 1341 et

243 1372 419 1437 ordinanda
449 1374 564 1450 loreut,
596 1375 757 1439 statuendi
785 1383 816 1440 et
845 1375 1026 1450 ordinandi,
1054 1375 1138 1439 idem
1167 1373 1332 1438 Adrianus

242 1471 385 1553 pontifex
402 1473 565 1542 commisit
580 1473 666 1549 fidei,
681 1473 868 1540 discretioni
885 1484 916 1538 et
928 1474 1049 1556 jndicio
1065 1471 1332 1538 reverendissimi

243 1570 275 1634 in
303 1571 429 1637 Christo
456 1573 567 1653 patris,
596 1574 718 1638 domini
748 1574 908 1640 Guilielmi
936 1575 976 1638 ab
997 1567 1205 1644 'linckeuoirt
1234 1571 1331 1636 electi

244 1670 462 1746 Dertnsensis,
490 1671 601 1736 dalarii
633 1673 694 1737 sni.
727 1672 923 1755 Approbavit
952 1689 989 1737 ac
1019 1669 1219 1738 confirmavit
1245 1669 1332 1735 bauo

245 1767 387 1832 ultimam
412 1769 543 1834 Adriani
568 1771 731 1850 pontilicis
757 1771 954 1836 voluntatem
981 1769 1052 1852 ejus
1082 1769 1113 1832 in
1141 1767 1332 1848 pontilicatu

245 1882 418 1939 successor
432 1865 579 1933 Clemens
594 1869 662 1944 Vll,
677 1868 799 1934 directo
815 1869 960 1939 breviad
976 1868 1096 1932 dictum
1111 1866 1330 1942 Gnilielmum,

244 1965 326 2030 tituli
349 1973 533 2031 sanctorum
556 1967 688 2032 loannis
711 1977 743 2033 et
768 1968 852 2032 Pauli
877 1968 1097 2049 presbyterum
1120 1965 1330 2041 cardinalem,

244 2081 407 2144 onereque
423 2066 622 2145 executionis
642 2067 834 2132 demandato
858 2083 895 2130 ac
916 2066 1091 2132 commisso
1107 2065 1210 2130 eidem
1225 2065 1337 2130 cardi·-

241 2162 320 2240 nali,
350 2163 489 2246 itemque
515 2165 621 2231 abbati
647 2167 833 2232 monasterii
864 2166 974 2231 beatae
1003 2164 1121 2229 llariae
1148 2163 1331 2255 parcensis

244 2262 430 2344 praeposito
458 2263 613 2328 ccclesiae
638 2265 750 2330 beatae
776 2264 874 2329 Mario
900 2263 1127 2345 Trajectensis,
1152 2271 1184 2328 el
1208 2263 1334 2328 decano

245 2361 402 2426 ecclesiae
419 2363 519 2426 sancti
544 2362 627 2428 Petri
650 2363 759 2445 oppidi
782 2362 1003 2440 Lovanieusis,
1021 2377 1078 2443 per
1092 2361 1212 2426 dictum
1227 2361 1335 2425 cardi·

246 2459 349 2522 nalem
366 2460 405 2523 ab
419 2459 610 2526 Enckevoirt
635 2461 839 2529 assumendis
862 2461 911 2526 vel
935 2460 1180 2526 substituendis.
1199 2459 1244 2524 lla
1264 2459 1334 2525 lere

244 2557 395 2621 Vlinmus
408 2560 560 2636 Annnrns,
577 2562 679 2634 Fasti,
698 2560 730 2622 bl
745 2560 811 2636 ed.,
829 2579 860 2642 p.
878 2559 950 2623 303.

285 2779 302 2814 a
317 2756 365 2819 llli
379 2747 592 2823 substituendi
605 2775 662 2838 per
674 2757 875 2823 cardinalem
885 2759 925 2823 de·
942 2756 1133 2822 Enckevoirl
1148 2763 1335 2822 statuerunt

243 2854 422 2920 bursarium
452 2857 626 2937 quemlibet
655 2873 713 2938 pro
743 2873 803 2922 suo
832 2857 918 2921 victu
955 2857 1037 2921 ultra
1067 2855 1331 2920 intertentionem

243 2954 358 3018 domus
375 2971 412 3017 ac
428 2953 612 3018 utensilium
627 2971 686 3034 pro
708 2954 857 3019 cubiculo
881 2955 1094 3036 praesidentis
1118 2965 1149 3018 et
1165 2953 1330 3019 communi

244 3068 304 3116 usu
327 3051 547 3116 bursariorum
570 3051 688 3116 dehere
713 3069 730 3116 a
756 3053 893 3134 collegio
910 3054 1054 3134 recipere
1077 3052 1116 3116 30
1139 3053 1331 3118 Rhenenses

242 3167 430 3215 commones
452 3167 525 3215 oum
548 3151 587 3214 la
610 3151 771 3217 misteriis
795 3152 945 3233 siliginis,
963 3163 994 3217 et
1016 3169 1129 3218 omnes
1152 3151 1247 3216 simul
1269 3167 1330 3232 pro

243 3248 351 3330 lignis,
369 3247 450 3325 bove
467 3249 636 3323 cicuitum
652 3251 735 3314 horti
757 3251 797 3314 56
818 3252 1018 3338 Rhenenses.
1038 3250 1234 3316 Praesidenti
1250 3266 1331 3316 vero

242 3363 302 3429 pro
324 3364 383 3411 suo
406 3347 490 3412 victu
514 3347 724 3428 adsignarunt
749 3348 833 3413 idem
856 3351 940 3430 quod
963 3350 1081 3414 ceteris
1103 3349 1273 3424 burseriis,
1297 3359 1331 3414 et

241 3453 407 3527 praeterea
424 3462 482 3525 pro
499 3446 566 3510 suis
582 3445 746 3510 laboribus
762 3447 934 3527 quotannis
950 3447 989 3510 30
1005 3447 1206 3520 erenenses,
1225 3445 1331 3528 quod-

240 3560 303 3627 que
320 3544 451 3608 liaberet
466 3543 632 3626 proprium
649 3545 851 3620 servitorem,
869 3545 923 3627 qui
939 3546 1033 3610 simul
1057 3544 1220 3610 communi
1236 3561 1329 3608 men·

242 3658 297 3707 sae
313 3642 533 3706 bursariorum
557 3643 711 3722 servirct;
735 3661 794 3726 pro
817 3645 910 3726 cujus
931 3645 1016 3709 victu
1041 3643 1231 3725 praesidens
1247 3658 1330 3724 quo·

242 3739 348 3804 tannis
374 3757 412 3805 ex
439 3757 499 3806 suo
526 3741 686 3822 stipendio
709 3742 849 3808 solveret
871 3743 910 3806 l8
932 3743 1134 3806 Rhenenses.
1160 3741 1206 3805 lta
1229 3741 1330 3806 refert

240 3837 375 3902 lllichadl
392 3839 488 3904 Baius
503 3840 536 3904 iu
558 3841 668 3904 charta
684 3857 779 3905 manu
796 3858 853 3906 sua
870 3841 989 3922 scripta
1012 3841 1050 3904 l8
1070 3840 1140 3921 julii
1157 3840 1255 3917 l58'l;
1274 3839 1329 3920 qui

240 3945 272 4002 el
285 3936 403 4001 ibidem
416 3947 571 4017 memorat
582 3939 666 4003 bona
683 3938 721 4003 ab
733 3941 873 4004 Adriano
890 3940 1022 4005 relicta:
1041 3940 1065 4017 l)
1077 3940 1208 4003 domum
1223 3937 1329 4019 ipsam

242 4035 368 4117 collegii
384 4052 457 4101 cum
473 4054 531 4102 sua
547 4037 764 4119 supellectile;
790 4039 817 4118 ll
834 4039 966 4104 alteram
989 4038 1039 4101 via
1061 4038 1156 4117 setino
1171 4037 1240 4102 sive
1258 4037 1328 4102 Cot-

237 4142 350 4212 tcrum,
368 4151 462 4216 quam
478 4145 666 4203 executores
681 4137 894 4204 vendiderunt
916 4135 1063 4202 dominae
1082 4135 1123 4202 de
1145 4135 1255 4202 Servia
1278 4135 1328 4214 (de
