3274 4942
713 471 718 478 .
800 407 1028 473 -noa-.

304 609 307 616 ·
344 575 472 641 doctor.
490 575 526 638 lli
545 591 629 640 nunc
649 574 682 646 in
700 573 861 655 praesenti
877 583 953 638 sunt
968 573 1121 654 magister
1137 581 1247 637 noster
1262 571 1433 636 Cornelius

345 673 475 749 Reman,
493 674 679 748 Gondanus‚
698 681 769 753 post
785 671 959 754 praelatum
977 671 1047 755 (sie)
1063 671 1229 736 dominum
1244 669 1433 735 llicbadlem

345 773 395 850 [de
411 774 485 854 Bay]
501 772 622 848 senior,
638 781 671 838 et
693 771 843 836 dominus
863 771 1034 836 Embertus
1056 769 1221 834 Everardi.
1238 767 1341 848 Hujus
1364 769 1432 833 col-

343 871 418 952 legii
434 870 610 936 modernus
626 869 815 950 praesidens
831 878 881 935 est
903 869 1053 934 dominus
1076 877 1107 933 11
1130 868 1282 948 magister
1298 866 1433 932 lliclradl

343 970 386 1034 du
413 971 488 1050 Bay,
512 987 624 1034 sacrae
647 969 825 1049 theologiae
848 969 957 1032 senior
981 969 1158 1050 professor.
1185 967 1220 1029 ln
1243 982 1327 1030 anno
1351 965 1433 1028 1578

343 1079 435 1134 orant
446 1071 477 1133 in
491 1071 577 1134 dioto
590 1069 726 1149 collegio
739 1068 919 1132 residentes
934 1067 1113 1133 octodecim
1129 1065 1280 1142 bursarii‚
1294 1081 1432 1146 quorum

343 1169 440 1250 ntiqui
456 1176 632 1248 coeperunt
649 1176 778 1248 propter
793 1167 1026 1246 superveniens
1049 1166 1166 1231 bellum
1187 1171 1219 1230 et
1235 1164 1431 1245 praesidium

343 1269 479 1334 militaro
494 1269 658 1345 recedere,
672 1277 703 1334 et
715 1267 809 1348 longe
823 1267 931 1347 plures
945 1266 1107 1331 recessuri
1123 1274 1226 1340 erant,
1240 1281 1279 1329 ex
1292 1265 1432 1345 eoquod
1544 1291 1548 1296 ·

342 1367 419 1432 dicti
431 1367 559 1450 collegii
571 1375 718 1448 receptor
727 1366 921 1432 solutionem
930 1365 1088 1430 burseriis
1100 1364 1261 1444 denegare
1275 1362 1433 1442 inciperet

342 1477 382 1532 ex
401 1453 648 1547 superveniente
671 1466 857 1530 difficultate
879 1463 1127 1544 consequendae
1149 1461 1321 1527 solutionis
1343 1461 1431 1526 redi-

342 1576 443 1640 tuum,
461 1565 515 1646 111
531 1565 616 1630 dicto
632 1565 770 1646 collegio
786 1563 954 1638 debentur,
971 1573 1056 1629 etex
1077 1580 1116 1628 eo
1139 1562 1225 1644 quod
1241 1559 1433 1642 praetende-

342 1664 397 1730 bat
424 1680 460 1729 se
495 1665 568 1745 plus
599 1681 830 1745 praeerogasse
866 1681 960 1744 quam
989 1663 1176 1744 recepisse;
1206 1660 1238 1724 id
1273 1659 1360 1742 qarod
1390 1677 1432 1725 ex

342 1763 521 1828 rationibus
544 1781 601 1845 per
622 1763 750 1829 viduam
773 1763 849 1829 dicti
872 1763 1049 1845 receptoris
1076 1769 1187 1844 postea
1215 1759 1349 1825 redditis
1371 1759 1431 1825 dc-

342 1861 537 1941 prehensum
553 1869 602 1926 est
617 1879 728 1928 verum
751 1879 835 1938 esse,
853 1879 989 1944 eumque
1011 1862 1140 1927 circiter
1162 1857 1325 1925 trecentos
1348 1875 1430 1940 qua·
1511 1851 1513 1854 ’

341 1959 486 2040 draginta
501 1959 643 2026 florenos
659 1961 796 2042 amplius
812 1961 1003 2042 exposuisse
1018 1977 1113 2043 quam
1129 1958 1306 2040 recepisse.

382 2058 429 2122 Ad
445 2075 541 2140 quem
556 2059 742 2124 ulteriorem
760 2059 983 2124 bursariorum
999 2076 1165 2126 recessum
1187 2056 1429 2138 impediendam

341 2155 502 2237 praelatus
524 2147 677 2238 magister
702 2165 813 2222 noster
836 2158 877 2222 dn
900 2159 965 2238 Bay
990 2175 1108 2239 passus
1131 2165 1181 2222 est
1204 2174 1240 2222 se
1267 2171 1324 2236 per
1349 2155 1429 2220 dicti

341 2255 468 2337 collegii
484 2257 670 2335 provisores
685 2266 716 2321 et
727 2257 911 2322 visitatores
926 2256 1048 2331 induci,
1063 2265 1096 2321 ut
1112 2257 1151 2321 de
1167 2273 1227 2320 suo
1245 2253 1431 2321 necessaria

343 2355 382 2418 ad
412 2354 672 2420 intertentlonem
707 2355 835 2436 collegii
870 2363 902 2420 et
937 2356 1171 2420 remanentium
1205 2353 1429 2419 bursariorum

342 2463 579 2534 praeerogaret
597 2471 656 2518 suo
681 2462 826 2536 tempore
842 2472 880 2520 ex
901 2455 1034 2536 reliquls
1055 2465 1086 2520 et
1108 2453 1321 2536 pensionibus
1342 2451 1431 2518 redi·

274 2585 281 2601 1
314 2561 432 2624 :tunm
456 2553 531 2617 dicti
547 2552 682 2633 collegii
705 2562 907 2634 recepturus.
925 2553 991 2618 Hac
1011 2553 1062 2618 via
1085 2564 1117 2618 et
1138 2553 1262 2618 ratione
1284 2551 1317 2615 in
1341 2551 1429 2617 dicto

344 2651 481 2732 collegio
500 2650 655 2732 usquead
672 2649 788 2715 testum
804 2651 979 2716 nativitatis
994 2651 1096 2716 saneti
1111 2651 1243 2716 loannis
1259 2650 1428 2714 annild81

342 2750 459 2816 retenti
474 2759 549 2814 sunt
566 2750 597 2812 ln
614 2749 700 2814 dicto
717 2749 855 2830 collegio
877 2750 1120 2832 quatuordecim
1134 2749 1285 2814 bursarii.
1302 2749 1348 2815 Eo
1364 2765 1429 2831 quo

341 2857 499 2929 tempore,
516 2866 612 2929 quum
629 2849 715 2914 dicto
739 2849 868 2914 domino
892 2849 1087 2934 praesidenti
1110 2848 1263 2914 deficeret
1287 2857 1431 2930 potestas

344 2948 507 3014 ulterioris
537 2947 822 3030 praeerogationis‚
854 2965 913 3014 neo
939 2949 1045 3030 aliqua
1074 2965 1150 3030 spes
1180 2947 1349 3029 affulgeret
1377 2949 1431 3013 vel

342 3047 590 3128 consequendae
613 3047 786 3112 solutionis
810 3047 861 3112 vel
888 3047 1074 3113 mutationis
1103 3064 1212 3112 rerum
1240 3046 1274 3109 in
1300 3045 1428 3120 melius,

342 3153 473 3210 coactus
489 3153 539 3210 est
554 3153 585 3209 et
600 3146 661 3210 lios
677 3145 820 3226 reliquos
835 3145 1009 3220 dimittere,
1026 3145 1153 3211 duobus
1176 3145 1339 3210 dumtaxat
1354 3145 1432 3210 bac·

342 3231 501 3309 calaureis
514 3244 658 3320 11111111,
673 3244 774 3309 altero
787 3245 916 3324 quidem
928 3244 1077 3326 Hyberno
1091 3245 1127 3323 (ll
1143 3245 1205 3325 (qui
1222 3261 1286 3325 quo
1302 3261 1337 3312 se
1353 3261 1433 3308 con·

342 3341 441 3408 111111
456 3359 520 3407 non
536 3342 681 3422 habebat)
695 3343 735 3406 ad
752 3343 846 3424 plena
857 3343 1018 3419 alimenta,
1035 3343 1137 3408 altero
1152 3359 1229 3406 vero
1246 3343 1285 3406 ad
1301 3342 1431 3424 aliquod

342 3441 534 3516 subsidium,
558 3442 654 3522 idque
678 3458 780 3522 usque
806 3441 845 3522 ad
871 3442 1037 3508 octobrem
1062 3441 1251 3518 11111185,
1277 3459 1352 3522 quo,
1377 3440 1429 3505 bis

342 3539 580 3618 recedentibus,
598 3557 655 3622 per
670 3541 790 3606 dictum
813 3541 1050 3622 praesidentem
1066 3550 1252 3622 assumptus
1275 3549 1324 3606 est
1346 3540 1430 3606 alius

342 3637 573 3705 baccalaureus
588 3639 648 3704 sub
664 3629 881 3705 emolumento
898 3640 993 3705 utrius
1007 3640 1137 3718 bursae,
1154 3640 1206 3705 cui
1228 3639 1315 3721 quod
1337 3639 1429 3704 deest

343 3737 450 3804 dictus
467 3737 655 3820 praesidens
670 3737 816 3820 supplem
839 3747 966 3820 praeter
989 3757 1085 3822 quem
1107 3739 1189 3804 alius
1212 3755 1340 3821 quoque
1356 3740 1431 3803 bac·

380 3955 422 4026 (l)
442 3951 540 4008 C'etait
549 3952 640 4009 Pierre
650 3951 793 4020 Lambard,
805 3952 838 4010 dc
848 3953 1003 4021 Waterford
1013 3973 1046 4033 en
1060 3953 1177 4023 Irlende,
1189 3955 1235 4028 qui
1246 3954 1288 4010 fut
1297 3951 1431 4027 proclamo

341 4043 451 4098 docteur
473 4061 507 4098 eu
527 4042 659 4114 theologie
673 4042 697 4100 le
720 4046 755 4099 30
774 4047 838 4100 aodl
859 4043 1095 4108 1591111111
1116 4045 1174 4118 plus
1194 4044 1254 4102 tard
1267 4044 1428 4116 archevdque

341 4133 487 4206 d’Arnraglr
501 4141 524 4190 el
542 4137 638 4206 primat
651 4133 795 4193 d'lrlaudc.
811 4134 836 4190 Il
850 4141 955 4192 mourut
967 4141 983 4191 1
995 4135 1079 4194 Roma
1093 4155 1126 4192 en
1137 4137 1221 4194 tuat.
