3014 4946
658 472 695 481 -
712 437 778 500 ,ool
801 472 841 480 —

249 599 350 680 Hujus
380 600 507 682 collegii
537 601 722 681 provisores
751 609 826 666 sum
853 601 962 667 senior
988 603 1154 682 professor
1180 618 1291 667 sacrae

205 698 400 780 theologiae,
411 699 580 779 primarius
594 699 759 780 professor
768 700 850 782 juris
862 701 1009 765 canonici
1022 709 1053 765 et
1066 707 1175 782 pastor
1188 700 1292 766 dictae

203 797 402 878 parochialis
418 798 574 864 ecclesiae
590 799 691 863 sanati
710 799 861 874 Quintini.

250 898 390 980 (Ectraa’t
405 899 448 961 du
463 904 589 978 rapport
604 917 658 961 sur
674 899 754 962 l'aut
771 901 822 963 dcc
845 899 970 980 colldpcs
992 901 1029 963 dc
1048 900 1241 965 l’Uaiocrsitd
1255 902 1292 964 dc

203 999 347 1062 Looauiu
363 1015 400 1060 ca
416 997 519 1076 1589).

250 1179 298 1242 Ab
315 1195 398 1242 anno
415 1178 491 1241 1151
510 1177 548 1241 ad
566 1178 658 1249 1756,
676 1177 822 1258 praeside
839 1179 1007 1244 Goilielmo
1025 1178 1088 1242 Van
1107 1180 1291 1256 Linthoudl,

206 1278 380 1357 collegium
398 1293 511 1341 novam
524 1287 554 1341 et
568 1278 769 1357 splendidam
786 1278 899 1343 taciem
912 1279 1024 1351 induit,
1041 1288 1130 1358 parte
1143 1281 1294 1345 anteriori

206 1377 337 1442 aedium
360 1376 427 1440 sere
443 1383 519 1451 tota,
538 1376 667 1440 dextera
684 1393 761 1440 vero
784 1394 821 1440 ex
845 1377 970 1457 integro
993 1379 1179 1442 instaurata.
1198 1379 1293 1454 Fons,

206 1476 263 1557 qui
278 1475 442 1540 visebatur
457 1475 489 1537 in
507 1475 609 1540 media
625 1491 711 1549 area,
729 1491 792 1538 uon
809 1491 921 1555 parum
945 1476 981 1539 ad
1000 1477 1150 1541 decorem
1166 1479 1293 1560 collegii

206 1574 405 1639 conferebat.

252 1787 404 1868 «Viglius
427 1785 462 1850 lit
484 1785 568 1851 orier
595 1803 657 1852 une
680 1789 800 1867 grande
827 1771 949 1852 maison
972 1789 1008 1867 (si
1032 1789 1104 1869 quis
1131 1789 1296 1854 retrabere

208 1889 315 1965 vellet)
343 1885 489 1950 uommde
518 1887 554 1949 dc
582 1888 742 1952 Carsoaauc
768 1895 854 1967 (nom
882 1888 921 1952 de
947 1887 1037 1965 lleur)
1066 1905 1142 1952 avec
1167 1905 1294 1970 verger,

204 1986 325 2066 J‘ardio,
344 1995 404 2049 eto.
423 2000 500 2050 avec
515 1986 534 2046 Ξ)
550 1985 722 2060 cabannas,
737 1995 830 2066 ayant
848 1987 948 2052 sartio
963 2005 1019 2051 sur
1031 1987 1060 2050 la
1077 2005 1133 2052 rue
1149 1990 1190 2050 du
1203 1989 1296 2066 Parc,

209 2085 315 2150 silude
331 2101 389 2161 roc
404 2083 644 2162 Salat-Quaado
655 2085 797 2150 vis-d-vis
814 2086 1072 2167 deBlaawbapS,
1087 2087 1200 2166 quiesi
1216 2087 1298 2152 celle

209 2185 251 2250 ob
268 2184 420 2248 domeure
436 2184 465 2247 le
481 2191 586 2248 comte
603 2184 833 2264 limmingheu,
851 2184 982 2249 l'acheta
998 2187 1028 2249 le
1044 2185 1083 2247 16
1095 2185 1200 2266 juillet
1216 2186 1296 2249 1567

210 2283 251 2347 de
264 2283 386 2363 Gaspar
397 2281 521 2356 Sobetz,
536 2282 601 2347 sire
613 2283 653 2348 de
664 2283 854 2348 Wezemael.
868 2287 920 2348 Ea
931 2284 1006 2347 libro
1018 2287 1295 2365 proclamationum

208 2383 294 2462 opidi
308 2381 519 2454 Loaaalcasr's,
537 2380 576 2442 19
598 2383 774 2462 septemtrio
790 2381 881 2458 1567,
898 2385 930 2446 ia
944 2385 1044 2464 prima
1059 2402 1191 2446 camera.
1208 2406 1226 2442 »
1249 2385 1296 2448 lla

212 2481 340 2551 Paouor.

520 2707 682 2771 Praesides
705 2705 821 2787 cotlcptt
847 2707 988 2787 leb‘aal.

254 2905 347 2968 Aaou
364 2903 454 2980 l569,
472 2903 510 2964 19
526 2903 680 2978 octobris,
698 2902 820 2982 Viglius
843 2902 1015 2966 celebravit
1039 2905 1176 2969 natalem
1200 2924 1293 2971 suum
1373 2979 1375 2986 χ

212 3003 512 3082 dedicationemque
529 3001 654 3082 collegii
672 3001 735 3074 sui,
754 3001 920 3064 collocatis
935 3001 967 3063 in
984 3019 1021 3066 eo
1045 3013 1167 3083 septem
1185 3006 1297 3070 Frisiis

212 3122 251 3168 ac
267 3103 407 3184 quinque
423 3102 494 3164 aliis
511 3101 726 3174 scholaribus
742 3107 866 3180 praeter
883 3101 1060 3179 praesidem
1078 3111 1108 3166 et
1126 3111 1297 3181 reatorem,

212 3211 257 3276 et,
276 3210 308 3266 ut
328 3201 464 3280 ipsemet
491 3199 612 3272 scribit,
630 3223 647 3257 u
661 3199 841 3262 aediticium
865 3198 970 3278 ipsum
993 3197 1036 3262 ita
1060 3201 1222 3281 eleganter
1244 3219 1298 3266 ex·

211 3309 371 3366 structum
385 3297 1300 3378 comperi,utmearumlacultatmnpeoeimmemorluisse

210 3398 314 3464 videri
332 3397 466 3476 possim,
485 3395 545 3460 uisi
569 3413 619 3460 me
641 3395 747 3475 regiae
773 3395 1009 3458 munificentiae
1027 3413 1101 3475 spes
1121 3399 1298 3463 aluisset».

211 3497 352 3578 Epistola
376 3495 442 3558 XG²
470 3495 510 3556 ad
536 3495 721 3575 lloppcrum,
749 3492 830 3574 apud
859 3493 978 3556 Hovuau
1002 3512 1056 3556 vlu
1073 3495 1300 3573 Pavenunuaur,

212 3595 361 3664 Analecta
376 3594 510 3673 Bclpr'ca,
528 3593 552 3667 l,
571 3611 602 3672 p.
620 3593 690 3656 oab.

256 3757 281 3820 1.
299 3756 425 3819 Primus
441 3771 572 3834 praeses
588 3754 626 3818 ab
648 3755 719 3835 ipso
732 3753 901 3818 fundatore
918 3752 1083 3819 institutus
1101 3754 1157 3818 luit
1172 3756 1302 3820 loannes

213 3856 345 3920 Clanius
370 3853 419 3919 vel
436 3853 558 3929 Cremo,
584 3853 747 3918 nativitate
771 3851 961 3928 Hollandus,
987 3854 1166 3934 presbyter,
1192 3871 1303 3921 sacrae

200 3934 395 4035 'theologiae
410 3953 639 4016 baccalaureus
659 3960 693 4015 et
703 3951 788 4040 juris
807 3952 973 4032 utriusque
989 3951 1182 4029 licentiatos,
1200 3953 1303 4019 sactus

213 4055 332 4120 deinde
361 4051 536 4118 eanonicus
566 4051 758 4123 cathedralis
789 4051 892 4116 sancti
922 4051 1047 4118 llartini
1078 4051 1238 4134 iprensis,
1262 4045 1303 4123 et

214 4153 360 4235 ejusdem
377 4151 515 4216 civitatis
530 4149 672 4231 iprensis
688 4150 960 4231 archipresbyter.
