3130 4942
753 402 974 466 -3a-·

294 569 386 646 1469,
404 567 456 632 die
477 568 515 632 18
531 566 686 641 octobris,
704 573 873 648 praesente
896 567 1038 649 praefato
1052 565 1122 631 viro
1145 583 1217 641 suo,
1235 565 1373 648 collegio

292 668 514 749 theologorum
543 666 623 731 duas
657 683 795 731 coronas
824 665 1054 731 haereditarias
1088 681 1194 731 annue
1223 665 1262 730 ad
1291 681 1374 745 opus

292 765 441 830 librariae
456 781 513 829 seu
536 763 748 830 bibliothecae
770 764 915 846 ejusdcm
938 764 1077 846 collegii.
1095 762 1262 846 habitabat
1276 768 1373 828 testa·

292 863 354 927 trix
368 863 400 926 in
422 864 518 928 domo
540 863 624 928 dicta
640 863 677 926 de
697 863 806 928 Swonc
827 872 915 928 extra
938 871 1061 945 portam
1084 863 1187 928 sancti
1208 861 1374 928 Michaelis

293 962 365 1028 sita.

217 1137 219 1140 -
335 1094 366 1156 ὅ.
388 1092 535 1172 Aepidios
551 1091 696 1165 Glisclin,
714 1091 829 1155 artium
844 1092 1012 1174 magister,
1031 1091 1198 1181 presbyter
1212 1099 1244 1156 et
1258 1091 1292 1154 in
1303 1091 1376 1172 jure

293 1191 449 1257 canonico
466 1190 664 1264 licenciatus,
681 1197 872 1255 testamento
889 1207 948 1256 suo
964 1192 1004 1256 de
1020 1192 1038 1252 7
1054 1191 1127 1272 maji
1143 1189 1224 1254 1413
1247 1189 1376 1271 reliquit

293 1289 430 1356 reditum
454 1304 593 1352 annuum
618 1287 714 1352 trium
739 1288 893 1352 librarum
916 1305 1105 1370 grossorum
1127 1287 1374 1363 Turonensium,

294 1396 440 1453 monetae
452 1386 629 1460 flandriae,
639 1402 698 1466 pro
711 1385 836 1451 duabus
849 1387 957 1451 bursis
971 1403 979 1449 :
993 1387 1125 1451 alteram
1138 1402 1197 1467 pro
1210 1387 1372 1467 theologo,
1420 1425 1424 1434 -

293 1488 425 1552 alteram
441 1502 499 1566 pro
520 1485 666 1550 studioso
686 1485 768 1566 juris
790 1486 948 1549 canonici.
966 1486 1013 1549 Ex
1028 1484 1143 1566 quibus
1158 1485 1261 1550 tribus
1284 1485 1376 1550 libris

266 1627 268 1631 -
293 1599 482 1668 grossorum
494 1583 726 1648 Turonensium
740 1584 872 1664 quilibet
885 1583 1051 1648 bursarius
1064 1583 1226 1647 annuatim
1242 1583 1378 1663 recipiet

294 1685 451 1749 decernet
473 1692 546 1747 octo
562 1682 661 1746 libras
676 1682 882 1763 parisienses,
902 1691 1049 1747 monetae
1064 1681 1244 1757 flandriae,
1261 1681 1377 1763 viginti

294 1781 418 1864 grossis
436 1779 603 1844 Flandriae
619 1797 677 1859 pro
698 1779 779 1843 libra
802 1780 1037 1859 computandis.
1055 1779 1202 1860 obiitque
1226 1779 1378 1856 fundator

295 1881 407 1945 eodem
429 1895 512 1943 anno
529 1878 608 1941 1413
622 1878 651 1959 vj
670 1879 742 1942 idus
764 1877 837 1956 (die
854 1879 907 1957 8⁸)
930 1877 1121 1942 decembris.
1138 1879 1376 1943 Testamentum

295 1977 598 2056 condidithogidius
608 1976 723 2058 Brugis
735 1977 767 2039 iu
776 1976 871 2040 domo
882 1977 1086 2042 habitationis
1100 1992 1189 2042 suae.
1199 1977 1375 2064 Borsnell.

336 2108 367 2171 6.
390 2111 526 2173 Joonnes
542 2105 739 2182 Vorenocbcr,
757 2125 796 2171 ex
811 2071 969 2188 Ruyslede
981 2107 1070 2188 juxta
1084 2106 1232 2183 Tiletum,
1250 2106 1375 2199 dioece-

296 2206 342 2271 sis
365 2206 597 2284 Gandavensis,
614 2207 653 2270 ·S.
677 2205 712 2268 Τ.
737 2206 903 2286 professor
924 2212 955 2270 et
980 2206 1135 2287 plebanus
1162 2205 1264 2270 sancti
1290 2205 1376 2272 Petri

296 2305 427 2371 Lovanii
443 2312 474 2368 et
490 2304 649 2368 facultatis
666 2304 864 2386 theologicae
880 2321 1008 2384 regens
1026 2321 1088 2367 una
1111 2320 1184 2368 curn
1200 2304 1297 2368 fratre
1313 2320 1376 2368 suo

295 2403 477 2475 Guilielmo,
492 2402 636 2483 ejusdem
652 2402 838 2483 collegiatae
850 2402 914 2466 divi
930 2401 1012 2466 Petri
1024 2401 1234 2466 Lovaniensis
1246 2401 1377 2466 thesau-

295 2500 392 2574 rario,
410 2509 536 2580 praeter
551 2500 630 2564 duas
652 2499 768 2565 missas
790 2500 871 2565 duas
893 2500 1105 2564 fundaverunt
1120 2501 1245 2573 bursas,
1265 2500 1378 2580 singu-

295 2599 358 2662 lam
373 2596 413 2661 15
435 2597 664 2662 Rhenensium.
683 2598 762 2662 Obiit
785 2599 877 2662 11144
903 2599 952 2662 vel
978 2597 1014 2659 11
1039 2597 1178 2678 januarii
1201 2597 1298 2676 14753
1323 2598 1378 2663 hio
1460 2643 1466 2652 -

295 2713 373 2762 vero
403 2697 442 2759 16
471 2697 655 2762 novembris
680 2707 753 2761 ante
777 2714 895 2762 annum
920 2697 1012 2772 alna,
1036 2696 1138 2761 Ambo
1161 2697 1277 2777 sepulti
1300 2705 1392 2761 sunt·

296 2795 427 2860 Lovanii
442 2795 473 2858 in
495 2796 573 2860 aede
589 2797 690 2860 sancti
706 2797 792 2860 Petri
807 2803 880 2861 ante
899 2797 1000 2860 altare
1016 2804 1144 2860 sanotae
1160 2796 1282 2860 Crucis.
1296 2795 1378 2860 Vide
1397 2791 1401 2798 '

296 2894 328 2956 S.
347 2894 382 2956 T.
399 2893 560 2958 doctores.
577 2898 696 2959 Bornos
708 2897 753 2959 ΙΙ.

335 3026 356 3086 ’1
361 3073 367 3087 .
384 3026 537 3088 Hearicns
551 3025 1012 3106 611111449414440114141141
1026 3032 1057 3089 et
1072 3027 1246 3104 Morporetc
1256 3027 1375 3100 Mecns,

297 3121 451 3202 conjuges
473 3129 505 3185 et
526 3121 614 3186 oives
639 3121 877 3197 Bruxellenses,
905 3124 944 3187 30
964 3123 1036 3203 julii
1062 3123 1138 3186 1419
1164 3123 1380 3188 fundaverunt

297 3228 433 3300 quatuor
455 3219 580 3295 bursas,
604 3220 684 3285 duas
708 3221 832 3285 scilicet
855 3238 912 3300 pro
938 3220 1140 3302 philosophis
1163 3229 1194 3285 41
1216 3223 1295 3304 duas
1318 3237 1378 3301 pro

297 3320 474 3401 theologis;
500 3305 615 3399 quibus
638 3320 711 3384 dein
735 3337 774 3385 ex
794 3321 925 3385 loannis
945 3322 989 3384 llo
1004 3321 1130 3385 Vadder
1144 3319 1277 3401 eiusque
1298 3336 1378 3384 oon-

192 3425 196 3432 ’
295 3417 380 3499 iugis
395 3417 580 3482 fundatione
595 3413 693 3496 additi
709 3419 796 3485 suere
817 3419 856 3482 la
879 3419 1003 3484 floreni.
1021 3419 1183 3485 Reductae
1199 3419 1286 3483 fuere
1302 3418 1379 3483 dein

298 3515 358 3580 hae
374 3516 491 3580 bursae
506 3525 643 3596 quatuor
660 3518 698 3581 ad
723 3519 812 3592 duas,
835 3535 929 3582 unam
944 3531 1003 3599 pro
1025 3517 1228 3600 philosophe,
1246 3518 1380 3582 alteram

299 3629 358 3693 pro
374 3615 537 3696 theologo.
552 3617 672 3678 Barcae
685 3618 731 3680 11.

340 3711 377 3774 N.
394 3713 430 3774 B.
447 3713 606 3778 Praedioti
622 3715 774 3796 conjuges
790 3715 1018 3786 Bruxellenses
1039 3715 1179 3780 loannes
1195 3715 1240 3779 Dc
1253 3713 1384 3780 Vadder

300 3815 331 3872 et
359 3809 519 3874 Dorothea
547 3811 743 3877 Waefelaers
770 3811 983 3878 fundaverunt
1011 3812 1129 3877 missas
1157 3813 1309 3894 legendas
1339 3814 1381 3877 ad

300 3907 399 3972 altare
421 3919 550 3975 sanctae
573 3912 760 3977 catharinae
781 3911 814 3974 in
836 3913 955 3993 templo
978 3911 1042 3976 divi
1066 3911 1207 3986 Quintini
1234 3912 1379 3988 Lovanii,

299 4021 356 4086 per
372 4005 565 4072 fundationis
581 4001 769 4090 Grimbergh
785 4009 967 4074 bursarium
979 4009 1028 4074 vel
1045 4008 1139 4074 alium
1156 4009 1383 4090 presbyterum

298 4103 480 4172 bursarium
495 4107 625 4189 rnajons
641 4108 780 4190 collegii.
900 4163 905 4172 .
