3100 4938
582 523 782 587 .-lac-

153 687 235 752 lacta
251 705 309 769 per
324 687 489 754 dominum
504 687 658 755 loannem
675 690 714 754 de
729 689 832 754 llarez
844 706 883 754 ex
894 690 987 755 bonis
1001 692 1122 755 domini
1136 693 1242 760 tibris

153 787 284 867 topbori
311 787 352 852 de
378 788 519 853 Barouze
545 787 585 853 de
609 788 720 870 viginti
747 794 884 869 quatuor
908 789 1041 854 llorcnis
1067 792 1182 858 annuis
1208 793 1240 857 in

154 885 276 968 oppido
291 883 584 951 Teneramundensi
601 886 784 968 assignatis.

198 977 291 1048 Stetit
316 985 380 1048 boc
402 983 606 1065 collegium
599 1001 631 1048 rn
658 984 718 1049 bac
746 984 900 1049 tenuitate
926 1001 1028 1068 usquc
1055 987 1093 1050 ad
1124 1004 1242 1052 annum

153 1083 249 1159 loca,
275 1099 344 1164 quo
365 1098 423 1163 per
448 1077 638 1148 executores
668 1083 850 1153 testamenti
879 1085 1048 1149 reverendi
1077 1087 1264 1167 quondam*

153 1181 278 1247 domini
306 1181 438 1246 loannis
467 1181 677 1257 Οιιιοηόθιθι,
699 1162 935 1262 archicpiscopi
965 1183 1182 1249 Panormitani
1212 1195 1244 1251 et

154 1279 335 1360 praepositi
358 1279 458 1344 sancti
484 1278 653 1344 Donatiani
679 1280 867 1360 Brugensis,
893 1297 952 1361 pro
974 1289 1144 1363 augmento
1166 1283 1243 1348 dicti

154 1377 297 1458 collegii,
311 1385 375 1442 tam
390 1376 423 1440 i'n
439 1376 595 1441 reditibus
607 1393 702 1458 quam
714 1394 848 1442 numero
839 1371 1044 1454 bursarum,
1060 1381 1246 1463 assignatus

155 1483 207 1542 est
223 1493 307 1540 unus
322 1475 445 1539 reditus
461 1484 589 1538 centum
604 1475 786 1555 octuaginta
807 1476 902 1540 trium
912 1476 1122 1544 llorenorum
1139 1487 1172 1544 et
1187 1497 1245 1545 sex

155 1574 354 1640 stulerorum
377 1589 475 1654 super
497 1573 647 1638 domanio
669 1574 766 1654 Regis
788 1575 820 1636 in
844 1576 1008 1642 territorio
1032 1577 1242 1654 Louaniensi;

37 1707 48 1724 ·
155 1679 188 1737 et
204 1669 321 1735 deiude
333 1686 417 1735 anno
433 1671 634 1736 lolladbuc
647 1672 728 1736 alius
744 1673 868 1738 reditus
884 1682 1101 1739 trecentorum
1118 1683 1244 1756 septua-
1294 1711 1297 1716 ·

155 1770 245 1852 ginta
260 1768 487 1844 carolinorum,
504 1769 690 1850 recognitus
703 1786 760 1850 per
775 1770 938 1835 dominum
954 1772 1107 1837 loannem
1124 1774 1245 1838 Garon-

156 1868 257 1944 delet,
285 1866 449 1932 dominum
474 1867 514 1932 de
540 1867 643 1944 Solre,
669 1868 747 1932 dicti
772 1869 1008 1950 archiepiscopi
1029 1869 1244 1951 principalem

156 1965 332 2032 haeredem
353 1965 393 2030 dc
415 1965 533 2029 lamilia
556 1965 597 2030 da
618 1966 1001 2041 darondelet,lundnndo
1024 1967 1183 2048 imprimis
1206 1986 1246 2034 ea

155 2063 344 2146 hujusmodi
365 2063 522 2128 reditibus
545 2079 603 2128 sex
625 2080 725 2128 nouas
750 2064 878 2145 bursas,
896 2065 1041 2146 singulas
1061 2065 1102 2130 de
1117 2065 1246 2147 triginta

156 2181 215 2230 sex
228 2162 375 2238 florenis,
389 2161 618 2242 praecedentes
631 2161 746 2226 bursas
759 2161 880 2243 primae
891 2162 1087 2227 fundationis
1099 2164 1246 2244 augendo

156 2258 384 2328 consimilibus
407 2260 536 2341 triginta
557 2277 617 2325 sea
635 2259 783 2338 lloreniS,
802 2261 948 2342 augendo
972 2278 1100 2342 quoque
1123 2261 1247 2342 stipen-

157 2361 248 2426 dium
272 2358 377 2422 dictae
399 2355 517 2423 missae
537 2358 576 2422 ad
599 2358 711 2439 viginti
733 2366 857 2438 septem
882 2359 1036 2436 florenos,
1054 2366 1086 2423 ct
1108 2375 1167 2440 pro
1190 2359 1245 2424 sti-

157 2459 277 2542 pendio
305 2456 517 2537 praesidentis
543 2457 739 2536 assignando
765 2457 928 2539 sexaginta
954 2457 1097 2522 florenos
1120 2474 1249 2524 annuos
1280 2436 1294 2460 Ι

158 2560 243 2626 ultra
258 2555 451 2622 victumlta
467 2555 551 2637 quod
569 2571 655 2620 nunc
669 2555 702 2618 in
715 2556 876 2636 praesenti
892 2555 1015 2620 reditus
1028 2556 1104 2619 dicti
1120 2557 1248 2639 collegii

157 2656 337 2723 ascendant
364 2653 403 2722 ad
434 2662 606 2719 sexcentos
636 2654 766 2736 triginta
791 2655 980 2720 libanenses
1011 2671 1068 2720 sex
1105 2655 1248 2722 stuleros

157 2771 302 2829 annnos;
336 2769 376 2819 ex
407 2751 525 2833 quibus
555 2751 739 2817 domanium
770 2752 868 2834 Regis
897 2753 992 2818 debet
1020 2753 1249 2833 paulominus

157 2853 309 2920 ducentis
325 2859 357 2916 et
371 2849 521 2916 dominus
537 2849 577 2915 de
600 2851 790 2916 Carondelet
811 2859 973 2916 trecentos
993 2850 1118 2932 uiginti,
1136 2865 1167 2916 et
1188 2867 1248 2931 op·
1286 2857 1291 2868 “

159 2941 270 3034 pidum
285 2949 593 3030 Teneramundcnse
604 2948 732 3030 triginta
749 2956 897 3031 quatuor.

9 3051 14 3062 '
127 3097 131 3100 -
203 3049 262 3125 Qui
284 3047 407 3113 reditus
428 3062 526 3127 quum
548 3045 630 3110 male
653 3054 685 3110 et
706 3045 878 3112 difficulter
899 3047 980 3111 solvi
1003 3005 1199 3126 coepissem,
1217 3053 1250 3110 et

161 3148 372 3213 nibilominus
388 3145 508 3210 dictum
524 3145 726 3226 collegium
718 3163 751 3208 m
773 3146 867 3226 plcna
889 3161 948 3210 sua
971 3143 1249 3210 administratione

161 3247 417 3319 continuaretur,
434 3259 548 3323 magna
570 3252 732 3308 contracta
754 3251 830 3308 sunt
850 3243 967 3320 debita,
985 3251 1020 3309 ut
1041 3243 1170 3308 tandem
1190 3259 1249 3323 pro

12 3305 14 3336 τ
108 3363 113 3372 ·
161 3343 313 3409 continua
335 3339 562 3407 intertentione
582 3341 711 3423 collegii
734 3341 988 3407 neccsseluerit
1012 3341 1045 3404 in
1067 3357 1153 3405 anno
1169 3340 1253 3403 loll

161 3439 339 3506 novissime
350 3438 536 3519 praeterito,
550 3438 590 3504 de
605 3455 767 3504 consensu
781 3447 989 3520 patronorum
1002 3447 1034 3504 et
1046 3438 1248 3520 provisorum

161 3539 238 3604 dicti
253 3537 392 3618 collegii,
405 3536 547 3602 vendere
561 3553 658 3602 unum
673 3553 814 3602 annuum
830 3537 969 3602 reditum
981 3536 1093 3618 viginti
1107 3535 1250 3616 quinque

161 3635 360 3701 florenorum
376 3650 434 3715 per
445 3633 580 3714 primam
595 3633 800 3700 occasionem
816 3633 1047 3714 dequitandum
1062 3651 1100 3698 ex
1116 3631 1253 3713 reliquis

161 3751 219 3799 scu
236 3731 401 3814 arriragiis
413 3731 572 3797 dictorum
585 3731 756 3808 redituum,
766 3747 847 3812 quae
859 3739 935 3796 tunc
947 3731 1118 3796 admodum
1135 3743 1249 3811 magna

162 3831 363 3907 erant,et1n
379 3830 470 3896 brevi
485 3830 669 3912 recuperari
688 3846 786 3912 posse
800 3826 1024 3911 sperabantur.
1041 3831 1142 3914 Quam
1158 3839 1250 3914 spem

161 3927 314 3993 frustrata
329 3936 379 3994 ost
394 3929 559 4010 sequentis
582 3928 736 4005 temporis
759 3915 1004 4010 superveniens
995 3935 1038 3994 et
1058 3927 1113 3992 diu
1130 3925 1250 4008 perdu-

163 4041 242 4090 rans
257 4027 436 4092 calamitas.

207 4123 325 4190 Omnes
347 4125 415 4190 lere
440 4124 563 4189 reditus
585 4141 644 4207 pro
668 4124 803 4189 maxima
824 4132 914 4206 parte
937 4132 1013 4190 sunt
1034 4119 1167 4189 insoluti
1190 4131 1254 4201 pro
