3014 4946
612 441 797 506 -345-

43 656 45 660 .
150 612 264 687 lestis,
282 607 558 675 sacramentaliter
578 607 720 674 confessi
743 607 859 672 devote
880 604 1058 686 suscipiant
1080 606 1248 674 sanctissi-

152 727 246 776 mum
263 707 486 773 Eucharistiae
501 714 749 773 sacramentum.

201 858 344 926 Secundo
375 877 384 922 :
415 857 549 922 Omnem
579 855 736 922 honorem
772 863 805 921 ct
840 854 1050 921 reverentiam
1079 854 1250 920 exhibeant

155 957 293 1023 domino
311 955 462 1038 praesidi,
482 955 536 1037 qui
552 971 610 1020 eos
625 955 745 1036 pariter
765 953 799 1018 iu
822 953 935 1035 spiritu
951 952 1092 1018 lenitatis
1108 969 1145 1018 nc
1160 970 1249 1019 man-

155 1055 346 1122 suetudinis
362 1063 450 1136 regat
467 1063 498 1120 ct
514 1061 647 1135 paterno
663 1061 877 1136 prosequatur
893 1053 1020 1118 affectu.

206 1207 309 1297 Tertio
333 1223 343 1268 :
369 1203 404 1268 ln
431 1202 614 1279 refectorio,
642 1203 676 1266 in
703 1203 772 1268 suis
798 1202 966 1277 cubiculis,
993 1209 1025 1268 et
1050 1201 1167 1284 ubique
1193 1219 1271 1284 per

154 1311 263 1369 totum
279 1302 463 1383 collegium,
477 1319 514 1367 aa
526 1301 683 1366 modestia
699 1300 830 1366 domino
846 1300 985 1382 praesidi
1002 1299 1140 1376 subsint,
1155 1317 1250 1382 quam

156 1402 313 1468 fundator
328 1400 474 1481 requirit,
492 1407 523 1464 et
539 1415 621 1481 quae
636 1401 792 1465 honestos
808 1415 845 1465 ac
861 1399 1019 1481 ingenuos
1035 1399 1138 1464 decet.

205 1549 323 1627 Quarto
351 1565 361 1610 :
389 1547 414 1610 h
439 1545 540 1627 prima
565 1543 677 1625 aprilis
705 1545 745 1608 ad
772 1545 906 1626 primam
936 1544 1140 1626 septembris,
1172 1545 1250 1610 hora

158 1647 284 1728 quinta,
296 1645 413 1710 ceteris
426 1645 593 1710 mensibus
609 1653 699 1710 sexta
715 1631 941 1724 matutina‘pcr
956 1644 1108 1709 famulum
1122 1645 1248 1726 collegii

160 1744 292 1810 excitati
305 1744 391 1808 illico
408 1750 554 1824 surgant,
568 1742 749 1823 studiisque
760 1742 945 1807 incumbant
959 1742 1111 1822 usquead
1124 1750 1250 1823 tempus

161 1843 286 1924 primae
300 1841 464 1916 lectionis,
481 1857 588 1922 quam,
610 1841 654 1905 uti
670 1851 701 1906 et
725 1857 837 1905 omnes
860 1840 939 1904 alias
955 1841 1016 1904 sibi
1032 1857 1091 1921 pro
1107 1847 1284 1922 temporeo

160 1957 337 2022 congruas,
365 1935 568 2020 frequentare
596 1945 763 2014 tenentum
789 1939 874 2020 quod
897 1945 928 2004 et
954 1939 1024 2019 ipse
1047 1939 1197 2004 fundator
1218 1940 1250 2003 in

160 2040 310 2107 terminis
326 2039 466 2104 mandat.

207 2189 319 2268 Quadrato
350 2207 361 2254 .·
389 2187 504 2253 Nullus
534 2186 633 2252 studii
662 2193 818 2267 tempore,
847 2186 944 2251 ctiam·
967 2187 1152 2266 vespertino
1178 2199 1252 2269 post

159 2275 307 2370 quintam
332 2286 494 2368 usquead
518 2301 663 2361 coenam,
681 2285 714 2348 in
730 2285 867 2366 collegio
890 2303 1034 2350 murmur
1058 2287 1251 2365 excitaturi
1318 2298 1320 2306 ⁴

156 2387 243 2452 alios
259 2385 426 2450 studentes
442 2383 619 2464 perturbet,
637 2382 697 2447 sub
721 2400 824 2466 poena
846 2384 983 2449 duorum
999 2385 1121 2449 assium
1138 2386 1170 2450 in
1186 2387 1246 2452 uti·
1299 2416 1303 2425 =

146 2487 285 2560 ,litatem
297 2483 444 2564 collegii;
462 2481 637 2563 etquidem
654 2481 775 2563 majore
791 2499 848 2562 per
860 2498 920 2546 nos
936 2482 1120 2564 infligenda,
1135 2485 1163 2550 si
1178 2485 1251 2567 quis

157 2583 345 2648 admonitus
361 2581 492 2646 domino
509 2580 649 2663 praesidi
665 2597 778 2662 parere
793 2588 931 2645 recusat.

204 2735 299 2800 Serto
322 2753 332 2797 .·
358 2733 489 2806 Diebus,
506 2731 623 2813 quibus
639 2748 704 2796 non
726 2732 1008 2814 estiejunandum,
1028 2733 1165 2800 famulus
1181 2738 1251 2802 col-

158 2833 238 2914 legii
255 2832 340 2897 circa
356 2831 525 2912 septimam
542 2830 664 2895 deleret
680 2829 853 2912 unicuique
864 2831 1072 2912 ientaculum.

205 2984 341 3065 Septimo
365 3002 375 3046 :
398 2981 570 3046 Prandium
593 2997 721 3062 semper
742 2981 803 3046 erit
824 2981 903 3044 hora
923 2981 1124 3060 duodecima,
1149 3001 1250 3067 aquo

159 3083 286 3157 nullus,
305 3081 368 3146 nisi
391 3097 463 3146 curn
486 3079 579 3144 venia
601 3079 724 3143 domini
749 3078 921 3160 praesidis,
938 3079 1053 3146 abesse
1076 3083 1203 3163 poterit,
1221 3093 1253 3148 et

161 3181 205 3246 ad
222 3181 317 3262 quod,
347 3180 391 3244 uti
413 3187 445 3245 et
466 3178 504 3243 ad
528 3194 674 3254 coenam,
693 3194 864 3260 numquam
886 3179 996 3244 licebit
1017 3180 1177 3247 adducere
1199 3198 1254 3247 ax-

160 3291 323 3344 traneum.

210 3426 323 3490 Octauo
351 3425 447 3500 :Qui
473 3441 547 3490 sero
573 3425 613 3488 ad
640 3424 808 3505 prandium
830 3425 965 3500 venerit,
990 3425 1029 3490 iis
1052 3427 1253 3507 portionibus

163 3532 339 3590 contentus
351 3523 403 3599 sit,
418 3540 499 3605 quae
515 3523 547 3586 in
563 3539 674 3587 mensa
689 3531 881 3604 supersunt;
899 3535 940 3599 ct,
956 3525 983 3589 si
996 3525 1125 3606 saepius
1140 3527 1252 3591 horam

164 3623 294 3704 prandii
324 3622 474 3704 negligat,
508 3622 652 3687 ulteriori
683 3639 739 3703 per
768 3639 828 3688 nos
859 3638 960 3702 poena
991 3632 1021 3688 et
1050 3625 1252 3689 correctione

74 3754 77 3758 ·
164 3721 383 3786 mulctabitur.

208 3851 298 3916 Nono
317 3869 326 3916 :
343 3852 449 3916 Coena
465 3867 482 3914 a
499 3851 651 3931 paschate
666 3849 705 3914 ad
721 3849 860 3931 majores
876 3851 1039 3916 vacantias
1055 3851 1258 3919 inchoabitur

137 3955 140 3962 '
165 3950 249 4015 hora
264 3957 388 4024 octaua,
403 3949 528 4030 reliquo
541 3966 598 4014 seu
611 3949 741 4013 hiemali
754 3955 898 4030 tempore
915 3949 1049 4030 septima
1060 3951 1255 4032 vespertina.

163 4053 192 4114 A
216 4065 317 4114 coena
333 4048 441 4113 nullus
463 4047 557 4122 absit,
576 4047 639 4112 nisi
661 4047 700 4111 ab
724 4047 795 4128 ipso
817 4049 966 4128 praeside
987 4049 1110 4114 veniam
1127 4051 1255 4130 praevie

164 4147 363 4223 obtinuerit;
394 4145 428 4209 in
457 4159 519 4227 qua
549 4144 755 4210 concedenda
784 4145 871 4212 illum
902 4147 1051 4212 volumus
1081 4149 1253 4216 admodum

166 4243 331 4311 difficilem
347 4261 432 4320 esse,
450 4243 482 4308 id
498 4253 560 4322 cst,
577 4259 642 4309 non
657 4241 720 4308 nisi
735 4243 776 4308 ob
794 4253 959 4326 urgentem
974 4262 1116 4315 causam.
