3036 4946
578 477 766 539 -aru-

128 658 166 705 ex
198 641 335 706 ecclesia
366 642 467 706 sancti
498 642 663 723 Gangerici
691 645 722 705 in
754 659 834 723 pago
865 643 968 705 vicino
999 643 1038 705 de
1074 642 1214 706 Haeltert

127 757 211 803 anno
228 739 308 802 tlttb
323 741 468 805 Alostum
485 741 672 805 translatum
689 750 748 805 est.
762 741 816 802 Vir
829 757 890 803 non
906 749 967 802 tam
984 740 1112 824 ortibus
1131 756 1213 820 quas

112 856 143 902 a
158 839 346 920 parentibus
362 840 576 918 amplissimas
589 849 784 904 consecutus
797 848 876 913 erat,
891 855 983 919 quam
997 848 1086 902 recto
1102 855 1212 903 earum

128 955 187 1002 usu
211 937 401 1012 laudandus,
419 946 513 1019 atque
535 939 691 1018 imprimis
714 939 828 1002 eximia
853 938 988 1018 quadam
1011 937 1211 1010 liberalitate,

126 1053 186 1117 qua
203 1038 415 1116 complurium
432 1038 549 1101 civium
567 1055 699 1102 suorum
716 1038 912 1101 laborantem
929 1037 1088 1118 fortunam
1107 1035 1215 1100 suble·

125 1137 210 1199 ravit
239 1136 452 1216 afflictamque
483 1137 598 1211 erexit;
629 1145 742 1216 atque,
776 1144 808 1199 ut
839 1136 877 1198 ad
909 1143 1057 1214 posteros
1088 1150 1214 1214 quoque

127 1235 361 1299 beneficentiae
384 1235 470 1298 illius
493 1243 636 1298 manaret
660 1235 790 1309 utilitas,
811 1243 916 1297 motus
939 1233 1089 1306 liutoldi,
1115 1231 1214 1312 patris

129 1331 191 1407 sui,
209 1332 368 1411 exemplo,
388 1331 440 1411 qui
458 1331 491 1394 in
507 1339 696 1396 testamento
714 1349 773 1395 suo
790 1337 916 1395 centum
933 1331 1075 1395 florenos
1091 1345 1215 1392 annuos

129 1430 161 1492 in
177 1447 355 1510 pauperum
372 1430 593 1494 studiosorum
607 1429 786 1493 subsidium
799 1427 1088 1510 legaverat,majori
1100 1428 1216 1508 pietate

125 1529 255 1602 ductus,
274 1545 312 1591 ex
335 1527 430 1592 domu
448 1545 505 1592 sua
528 1545 600 1591 cum
618 1528 818 1608 amplissimo
835 1528 932 1591 tundo
950 1527 1115 1608 adjacente
1132 1541 1214 1588 anno

125 1626 207 1689 1569
224 1626 353 1706 insigne
368 1627 429 1689 hoo
444 1626 614 1707 collegium
637 1627 762 1690 alendis
785 1625 834 1698 sui
858 1625 1025 1705 sanguinis
1041 1633 1072 1688 et
1097 1622 1216 1703 patriae

124 1733 221 1804 atque
245 1724 356 1788 hlosto
373 1723 518 1786 oriundis
535 1724 691 1788 studiosis
716 1723 897 1798 duodecim,
916 1724 1019 1803 primo
1040 1723 1155 1784 artium
1180 1737 1216 1784 ac
1305 1725 1307 1732 '

125 1821 356 1903 philosophiae
376 1822 407 1882 in
435 1822 601 1902 gymnasio
624 1823 789 1898 Porceusi,
807 1822 881 1884 inde
903 1837 1014 1885 sacrae
1038 1807 1217 1900 theologiae

126 1921 176 1984 rel
204 1919 496 2001 jurisprudentiae,
522 1921 670 2006 excitavit
700 1929 788 1985 tanto
819 1920 947 1995 cuidem
978 1919 1216 1999 peristyliorum

124 2025 281 2098 apparatu
299 2028 329 2081 et
347 2026 528 2082 structurae
544 2019 791 2100 magnificentia,
809 2027 842 2082 ut
866 2017 1085 2082 serenissimis
1106 2017 1215 2097 Belga·

126 2133 199 2180 rum
212 2116 350 2180 ducibus
363 2133 419 2180 seu
433 2117 632 2196 principibus
645 2135 683 2181 eo
699 2117 932 2182 divertentibus
950 2116 1125 2195 hospitium
1140 2115 1216 2178 olim

126 2214 286 2296 praebere
302 2215 433 2278 soleret.

166 2313 276 2377 Voluit
298 2313 459 2389 fundator,
478 2321 511 2378 ut
532 2331 645 2378 omnes
667 2315 806 2379 bursarii
832 2323 998 2380 uterentur
1021 2314 1115 2394 lunga
1141 2313 1217 2375 tala-

124 2411 220 2493 rique
247 2419 347 2477 veste.
375 2413 514 2494 lpsemet
543 2413 692 2477 fundator
722 2413 814 2477 aunis
844 2413 965 2494 aliquot
995 2429 1053 2492 pro
1084 2410 1215 2475 arbitrio

123 2510 300 2592 collegium
328 2527 421 2575 suum
451 2511 707 2588 administravit;
738 2513 856 2594 quique
882 2512 955 2577 dein
986 2511 1154 2590 praefuere
1184 2520 1215 2574 et

122 2609 298 2691 collegium
315 2610 590 2685 administrarunt,
608 2611 797 2694 plerumque
812 2611 940 2677 luerunt
962 2609 1012 2674 vel
1037 2607 1217 2689 theologiae

121 2707 174 2774 vel
204 2707 325 2789 jurium
354 2709 579 2785 baccalaurei;
613 2709 657 2774 ita
686 2697 772 2774 enirn
798 2708 897 2790 iussit
926 2707 1011 2772 idem
1040 2707 1214 2778 fundator,

123 2807 293 2886 vetuitque
320 2806 499 2887 praesidem
525 2807 647 2871 institui
673 2807 869 2872 licentiatum
895 2815 953 2891 aut
973 2806 1137 2870 doctorem
1160 2805 1217 2869 ali·
1300 2861 1302 2872 ,

119 2921 235 2987 quern,
254 2905 306 2985 qui
323 2905 364 2968 ob
380 2906 559 2970 studiorum
583 2906 665 2971 forte
682 2907 911 2987 occupationes
928 2905 1034 2969 minos
1049 2905 1215 2968 intendere

121 3005 258 3084 collegii
275 3005 413 3086 negotiis
429 3014 552 3086 posset.
1012 3080 1015 3089 Ι

166 3103 377 3167 Institutores
399 3120 476 3168 vero
499 3105 748 3184 provisoresque
776 3112 850 3167 sunt
876 3105 939 3168 duo
964 3121 971 3166 :
998 3103 1078 3166 alter
1104 3117 1215 3166 sacrae

120 3200 321 3282 theologiae,
334 3203 414 3265 alter
423 3201 505 3282 juris
518 3203 703 3266 alterutrius
716 3203 829 3266 doctor
841 3219 878 3266 ac
894 3202 1072 3283 professor,
1083 3210 1216 3281 uterque

119 3301 239 3365 senior
254 3316 332 3378 suae
346 3300 525 3377 facultatis;
550 3302 674 3382 patroni
690 3312 795 3365 autem
812 3299 1097 3381 benefactoresuue
1113 3300 1213 3364 colle·

119 3400 165 3480 gii
184 3397 395 3479 Grimbergae
410 3399 561 3472 harunce,
579 3416 664 3463 nunc
678 3399 825 3463 comites.

165 3496 346 3576 Collegium
363 3498 425 3561 hoc
440 3514 456 3560 a
473 3497 653 3561 fundatoris
670 3499 799 3562 numine
814 3499 947 3561 Dulcnsc
962 3498 1095 3572 dictum,
1109 3513 1126 3559 a
1141 3496 1214 3560 loeo

119 3597 201 3678 ejus·
215 3596 388 3660 nativitatis
404 3597 481 3659 alias
496 3598 715 3677 Arrtcerpiense
731 3598 857 3661 dicitur.

164 3695 264 3757 Anno
291 3694 382 3770 ldll,
408 3696 591 3775 praedictus
618 3696 767 3760 tundatur
794 3696 949 3776 transegit
975 3711 1045 3758 cum
1074 3693 1213 3773 capitulo

118 3792 352 3872 slntverpiensi
379 3793 575 3868 sicardus
598 3785 747 3859 chorales
770 3795 898 3876 capituli
921 3793 1114 3858 cathedralis
1136 3794 1214 3856 Ant-

117 3892 309 3972 vcrpiensis
326 3893 356 3954 in
379 3894 516 3974 collegio
537 3911 595 3958 suo
619 3894 773 3958 haberent
789 3903 944 3975 perpetuo
971 3892 1214 3974 praeferentiam

61 4018 65 4026 ·
117 3991 162 4056 ad
194 3990 276 4054 duas
298 3991 426 4066 bursas
450 4001 481 4055 et
502 3993 674 4072 capitulum
698 4010 770 4056 eum
793 3993 974 4057 absolveret
990 4009 1014 4060 ,a
1041 3991 1215 4056 residentia

118 4097 262 4171 propter
277 4091 422 4165 senium;
450 4099 518 4155 erat
541 4101 646 4156 autem
669 4101 745 4156 tunc
768 4093 806 4156 ld
826 4109 995 4156 annorum.
1012 4093 1110 4156 Actus
1126 4103 1215 4155 nota-

116 4187 218 4254 rialis
231 4188 369 4268 desuper
381 4189 547 4254 consectus
559 4191 785 4255 asservabatur
797 4192 873 4256 olim
886 4192 917 4253 in
932 4190 1070 4254 archivis
1083 4188 1214 4270 capituli
