3036 4946
556 404 742 467 -139-

79 603 81 608 ·
144 567 1183 648 «l'lreologiaeprofessorextraordinariusadeoqueadsanctum

107 666 230 730 Petrum
253 666 414 732 secundae
436 666 632 730 fundationis
656 666 843 731 canonicus.
862 666 967 730 Potuit
989 673 1020 730 et
1042 666 1185 732 decanus

105 782 173 830 esse
188 765 387 847 Tungrensis
403 765 645 840 ecclesiae,sed
666 765 787 830 abnuit.
805 766 852 829 Ab
872 765 1042 830 Academia
1066 766 1185 831 missus

104 866 241 946 sonegia
258 865 445 929 auctoritate
461 865 613 939 munitus,
638 866 771 929 Romam
788 881 870 928 anno
895 863 974 926 1666
998 881 1069 929 cnm
1087 865 1182 928 Gum-

105 980 187 1028 maro
206 965 358 1044 lluygens
374 964 475 1044 petiit,
493 971 524 1028 et
539 963 762 1028 Universitatis
778 963 904 1044 negotia
921 964 1054 1027 feliciter
1070 965 1181 1044 gessit.

102 1063 289 1128 Academica
302 1081 429 1144 unoque
442 1063 606 1144 privilegia
620 1062 705 1126 edito
719 1079 780 1128 nori
793 1063 963 1144 ineleganti
980 1063 1063 1128 libro
1076 1064 1183 1129 fortis·
1251 1140 1256 1146 ¹

101 1161 177 1227 sime
193 1162 295 1226 tuitus
322 1170 380 1226 est.
409 1161 549 1243 collegio
576 1163 663 1237 huic,
690 1165 740 1228 vel
764 1164 893 1238 absens,
922 1181 1051 1242 praeses
1079 1163 1181 1227 desti-

102 1268 202 1334 natus,
219 1260 330 1324 sedula
346 1260 506 1340 vigilantia
520 1261 666 1340 praefuit,
681 1262 827 1324 alumnos
841 1277 901 1340 qua
915 1261 1104 1342 theologicis
1120 1279 1181 1342 uua

98 1359 243 1437 juridicis
273 1358 433 1424 exercitiis
463 1360 653 1434 informans,
670 1359 859 1440 placideque
885 1359 938 1423 hic
964 1359 1042 1424 obiit
1069 1370 1181 1440 quarto

100 1458 167 1522 idus
179 1458 300 1538 apriles
314 1456 388 1520 1681
398 1507 404 1530 ,
416 1458 556 1522 nondum
570 1474 803 1539 supergressus
816 1474 933 1522 annum
946 1458 1058 1522 aetatis
1071 1459 1181 1521 5611.»
1287 1474 1290 1480 ’

100 1557 141 1620 111
157 1556 287 1626 Pnodor.

17 1753 19 1762 ⁹
136 1754 190 1816 IX.
223 1753 421 1818 Praenobilis
447 1752 595 1816 dominus
619 1753 780 1816 Osnnuous
804 1754 990 1817 Faenenrous
1015 1753 1178 1826 Caucasus,

18 1863 19 1866 ’
98 1852 318 1924 lovaniensis,
343 1851 428 1916 filius
452 1851 593 1926 loannis,
612 1852 767 1932 capitanei
790 1853 931 1934 equitum
955 1861 986 1917 et
1010 1853 1181 1934 toparchae

97 1953 134 2015 do
149 1951 284 2032 Opvdp,
302 1951 484 2020 llaelstede,
502 1956 577 2024 eto,
595 1957 626 2014 et
648 1950 721 2014 ldae
744 1950 899 2031 Hedinga.
916 1951 1016 2015 Natus
1036 1951 1181 2016 166616-

97 2049 159 2113 bris
187 2048 281 2125 1614,
306 2055 378 2128 post
399 2047 623 2129 philosophiae
645 2064 774 2113 cursum
802 2050 907 2112 statim
932 2047 1014 2128 juris
1039 2051 1178 2114 studium

96 2149 261 2228 amplexus
277 2155 337 2221 est,
355 2146 552 2228 gradumque
574 2145 722 2211 licentiae
744 2145 929 2226 inutraque
949 2146 1022 2226 jure
1047 2148 1181 2228 adeptus

96 2253 159 2324 est;
184 2254 253 2310 tum
269 2245 323 2309 diu
345 2252 418 2325 post
443 2244 623 2323 theologiae
646 2243 753 2308 studio
776 2244 941 2312 incumbit.
968 2253 1010 2320 et,
1028 2243 1180 2310 11111111-

95 2345 187 2410 nibus
219 2344 319 2409 sacris
346 2343 517 2424 susceptis
542 2343 580 2406 ab
606 2342 825 2407 illustrissimo
853 2342 982 2406 domino
1009 2343 1180 2408 Guilielmo

94 2443 246 2517 Herincx,
264 2442 417 2523 episcopo
434 2431 569 2521 lprensi,
587 2440 618 2502 in
642 2441 851 2505 secretarium
875 2441 1068 2518 assumitur;
1086 2441 1180 2522 cujus

90 2543 177 2608 11116
193 2542 344 2607 incendio
360 2541 479 2621 scripta
499 2547 704 2604 monumenta
720 2548 781 2604 etc.
800 2541 928 2621 eripuit.

127 2642 272 2722 Cumque
299 2641 431 2721 lprense
457 2639 608 2720 oppidum
636 2655 652 2702 a
679 2639 797 2703 Galliae
823 2656 899 2720 rege
926 2639 1086 2703 ludovico
1111 2640 1178 2702 lllV

89 2756 157 2804 oum
175 2740 275 2804 111116
291 2747 322 2803 61
338 2738 499 2802 cardinale
515 2738 555 2802 de
570 2737 717 2802 Bouillon
740 2738 954 2812 obsideretur,
972 2738 1010 2802 ad
1026 2755 1084 2802 eos
1101 2738 1175 2801 Cra-

90 2838 176 2903 beels
194 2837 366 2916 deputatus
382 2835 510 2916 saepius
532 2835 597 2910 ivit,
617 2852 752 2918 cumque
768 2837 806 2900 ad
824 2853 859 2902 se
880 2836 1010 2900 allicere
1026 2837 1176 2900 tentanti-

89 2937 145 3000 bus
172 2936 338 3000 humiliter
365 2933 533 3015 respondit
559 2948 593 2997 se
616 2932 647 2996 id
671 2933 799 2999 minime
825 2934 931 2998 lacere
953 2951 1051 3014 posse
1068 2943 1176 3015 utpote

90 3035 208 3100 domus
223 3033 409 3098 Austriaoae
425 3033 600 3096 subditum.

129 3135 210 3200 Post
225 3133 345 3198 obitum
369 3133 419 3196 sui
443 3131 600 3211 praesulis
622 3131 761 3197 vicarius
784 3132 943 3212 generalis
966 3133 1173 3213 episcopatus

87 3233 233 3314 lprensis
250 3230 442 3296 constitutus
458 3230 527 3293 fuit.

124 3331 302 3397 Lovanium
322 3329 396 3394 dein
412 3345 575 3404 reversus,
593 3327 719 3409 collegii
744 3328 839 3408 huius
855 3327 1036 3403 Subaudiei,
1062 3345 1174 3394 surro-

84 3438 178 3512 gatus
202 3429 333 3494 domino
360 3427 533 3491 Randaxhe
556 3427 718 3502 defuncto,
743 3444 874 3507 praeses
898 3428 937 3490 18
958 3428 1069 3509 aprilis
1092 3427 1170 3492 1681

86 3529 305 3602 constituitur,
323 3536 389 3591 tum
406 3526 483 3591 etin
500 3525 563 3589 divi
586 3527 669 3591 Petri
693 3525 812 3607 primae
827 3526 1025 3591 fundationis
1041 3527 1172 3592 canoni-

82 3637 190 3694 catum
203 3643 276 3692 curn
288 3642 411 3690 annexa
423 3625 625 3705 professione
637 3625 675 3689 ad
689 3625 851 3690 decretum
864 3626 1003 3690 Gratiani
1016 3625 1167 3690 obtinuit.

81 3725 277 3793 Academiae
299 3731 407 3789 rector
420 3724 460 3787 ab
482 3739 567 3787 anno
590 3723 670 3786 1691
694 3724 805 3788 novies
830 3724 975 3803 praefuit.
994 3723 1172 3787 canonica—

80 3835 161 3902 tum,
181 3841 276 3906 quem
292 3823 324 3886 11
340 3821 515 3887 cathedrali
530 3820 755 3901 hulverpieusi
772 3822 969 3901 possidebat,
988 3820 1123 3884 dimisit.

121 3926 172 3990 Ad
198 3923 418 4004 episcopatum
443 3921 720 4001 antverpiensem,
747 3920 823 3985 item
851 3919 1171 3986 liuraemundensem

81 4023 267 4104 postulatus
283 4020 359 4096 luit;
376 4019 434 4085 sed
451 4043 468 4078 o
482 4019 536 4100 qui
553 4035 589 4083 se
601 4019 758 4096 humiliat,
772 4019 961 4084 exallabitur
972 4043 1001 4081 1.
1020 4019 1172 4099 Proposi-

80 4125 192 4188 tioncs
217 4120 322 4185 bullae
355 4120 530 4200 Unigenitus
557 4116 766 4199 subsignavit.
796 4116 881 4182 Obiit
910 4118 949 4182 11
979 4117 1173 4198 septembris
