3058 4952
616 445 655 454 -
677 410 738 472 tlt
760 446 800 456 -

165 573 276 638 usibus
292 573 412 638 sensim
428 581 531 654 aptata
547 582 596 639 est
611 575 744 651 domos;
768 584 799 640 et
814 575 957 640 subsidia
981 576 1136 657 quaedam
1154 594 1245 657 prae-

165 680 213 738 ter
225 688 275 745 ee,
288 688 369 752 quae
383 673 489 738 dietus
504 673 637 738 antistes
654 677 687 738 E.
708 676 877 738 hetthaeus
893 675 1037 749 contulit,
1051 691 1107 755 per
1121 691 1245 740 6661616

164 769 249 834 illam
267 770 547 850 congregationem
560 787 643 835 novo
655 771 729 838 boio
744 779 906 852 pastorum
920 789 956 837 66
968 773 1244 838 utissionariorum

164 869 338 934 seminario
360 877 524 934 numerata
546 869 796 951 consignataque
817 871 956 935 fuerunt.
980 871 1189 951 Recipiuntur
1211 872 1244 936 in

163 968 224 1030 hoe
244 967 427 1049 collegium,
444 968 497 1047 qui
515 985 553 1032 ex
568 967 717 1034 Hibernia
737 977 812 1034 sunt
827 971 966 1034 oriundi.
983 971 1117 1035 studere
1139 977 1244 1034 autem

162 1067 354 1143 rhetoricae,
369 1067 588 1148 philosophiae
604 1084 641 1132 ac
656 1069 837 1149 theologiae
851 1077 998 1149 possunt,
1013 1069 1053 1132 ad
1069 1069 1244 1134 anim-arom

162 1181 273 1228 661616
289 1165 404 1233 deinde
424 1165 456 1228 in
476 1166 609 1246 patriam
630 1167 830 1242 remittendi;
848 1166 911 1230 imo
929 1170 981 1248 qui
1000 1167 1038 1230 ad
1055 1167 1170 1230 bursas
1193 1167 1245 1232 hio

162 1265 311 1328 fundatas
334 1265 489 1329 accedunt
512 1281 575 1329 non
592 1265 825 1346 consanguinei
849 1266 1053 1330 fundatorum
1069 1282 1086 1328 a
1102 1266 1245 1346 philoso-

162 1363 236 1442 phia
258 1364 371 1428 saltem
393 1363 518 1427 initium
540 1364 719 1428 studiorum
748 1364 935 1442 hicfaeere
959 1364 1087 1430 debent.
1112 1364 1243 1445 collegii

162 1469 352 1540 prospector
371 1469 420 1526 est
442 1462 638 1543 apostoliens
660 1462 692 1524 in
712 1462 821 1543 Belgio
844 1463 1241 1543 666116666161616661-

161 1560 236 1623 dem
252 1559 429 1624 constituit.

202 1657 283 1722 lluie
308 1658 444 1738 collegio
471 1657 710 1738 incorporatum
737 1657 794 1722 fuit
821 1658 973 1722 sacellum
1001 1659 1102 1723 seneli
1123 1659 1244 1724 Nicolai

159 1755 244 1831 (vide
258 1772 365 1820 eoram
381 1756 587 1830 Berokmans,
604 1765 676 1821 ante
693 1765 765 1821 ante
781 1757 856 1819 p-pm
870 1757 979 1836 aprilis
995 1757 1096 1834 16311.

202 1855 331 1928 Verum,
349 1856 445 1920 rebus
462 1855 587 1936 collegii
604 1856 644 1919 ob
661 1856 766 1920 minus
782 1864 870 1920 recte
893 1864 1092 1936 procuratam
1108 1863 1241 1936 gestam·

159 1971 223 2034 que
246 1953 552 2017 administrationem
575 1970 648 2017 ntox
674 1953 734 2018 sub
759 1953 858 2016 initiis
880 1953 912 2015 in
936 1952 1026 2033 pejus
1048 1953 1239 2025 labentibus,

160 2053 236 2133 quia
265 2052 348 2116 idem
374 2053 543 2134 collegium
573 2053 611 2116 ad
642 2070 749 2116 curam
777 2068 888 2117 sacrae
920 2052 1177 2133 congregationis
1206 2054 1243 2115 tle

159 2152 355 2233 propugnatio
370 2151 429 2230 ficte
445 2149 604 2230 pertinere
620 2151 726 2230 aliquo
743 2151 837 2215 modo
860 2151 1038 2226 videbatur,
1056 2151 1242 2215 auctoritate

162 2247 340 2329 apostoliea
360 2244 416 2340 per
431 2247 683 2312 illustrissimum
707 2249 870 2312 dominum
883 2249 1117 2330 jurisdictionis
1137 2251 1242 2329 ponti-

161 2349 253 2412 ficiae
273 2348 304 2409 in
324 2347 433 2428 Belgio
449 2346 739 2412 administratorem
762 2347 893 2411 Paulum
917 2347 1074 2411 Stravium
1097 2347 1115 2409 3
1139 2347 1242 2410 martii

162 2445 244 2509 1636
260 2445 425 2509 6666111611
448 2446 574 2509 fuerunt
589 2447 665 2509 dicti
681 2445 806 2527 collegii
830 2447 1011 2528 provisores
1028 2446 1162 2511 eximius
1187 2447 1243 2511 do-

162 2545 270 2608 minus
295 2543 432 2607 loannes
462 2543 700 2616 Schinokelius,
728 2561 839 2608 666166
868 2545 1046 2624 theologiae
1072 2544 1185 2608 doctor
1214 2554 1244 2606 et

163 2643 340 2721 professor,
363 2650 394 2706 et
416 2642 614 2706 clarissimus
638 2643 787 2707 dominus
806 2643 944 2706 lacobus
969 2643 1147 2714 Santvoert,
1161 2641 1243 2720 juris

164 2741 331 2820 utriusque
349 2740 463 2804 doctor
477 2749 509 2804 et
525 2739 678 2819 pontificii
692 2741 860 2826 professor
876 2741 1061 2820 primarius3
1077 2756 1243 2818 novusque

163 2855 296 2920 praeses
308 2855 391 2918 anno
407 2837 484 2900 1638
496 2831 659 2902 institutus
675 2839 734 2902 fuit
746 2838 922 2902 Matthaeus
934 2839 1060 2918 Theige,
1076 2837 1243 2917 presbyter

163 2937 312 3010 Oratorii,
328 2931 437 3016 pos'tea
450 2952 561 3000 666166
574 2937 752 3017 theologiae
765 2938 887 3010 doctor,
902 2937 1076 3000 666661666
1088 2945 1119 2999 61
1131 2947 1242 2998 666161

163 3038 203 3100 ad
230 3036 336 3098 divum
362 3035 489 3098 Petrum
513 3035 654 3108 lovanii,
679 3052 818 3099 aenove
841 3035 1003 3114 regiminis
1030 3035 1129 3099 forma
1153 3049 1240 3112 prae·
1331 3105 1333 3111 ,

164 3134 284 3214 scripta
304 3141 335 3197 et
356 3133 536 3197 introducta
558 3133 590 3195 in
612 3133 793 3214 collegium.
812 3133 895 3198 inter
917 3131 1139 3197 benefactores
1155 3131 1240 3195 illios

164 3241 214 3297 est
238 3232 343 3296 dictos
369 3231 518 3296 dominus
545 3231 775 3306 Schinekelins
801 3243 946 3296 mortuus
972 3249 1056 3295 6666
1082 3230 1242 3293 16111116

167 3334 291 3402 Peucon.

205 3463 318 3526 Portae
345 3462 441 3544 hujus
467 3459 593 3541 collegii
618 3461 735 3542 legitor
758 3462 915 3542 insculpta
940 3463 1019 3526 haee
1043 3451 1207 3542 inscriptio
1234 3479 1239 3522 :

164 3561 333 3624 Cocineion
350 3560 737 3621 66616161166166666611ο
754 3559 843 3622 teet.

205 3692 384 3756 Richardus
403 3691 485 3754 Pauli
503 3689 655 3764 stravius,
669 3690 874 3768 1616611666
889 3691 959 3756 vieo
975 3692 1014 3756 de
1030 3691 1238 3762 Broeokhem,

164 3779 317 3856 territorii
341 3789 614 3865 Borehloniensis,
634 3789 717 3870 juris
742 3791 907 3870 utriusque
928 3792 1053 3864 doctor,
1076 3800 1107 3853 et
1129 3789 1160 3852 in
1184 3789 1242 3851 Bo-

166 3907 257 3954 mana
283 3889 370 3953 curia
397 3888 471 3952 olim
498 3889 952 3967 616666666116166661166,’
970 3905 1052 3954 6666
1084 3890 1173 3958 ‘ibt-lla¹
1189 3903 1246 3968 per

164 4004 277 4070 papam
306 3987 466 4051 Urbanum
492 3985 561 4048 Vlll
591 3987 783 4052 constitutus
813 3989 1007 4068 apostolieae
1037 3989 1123 4052 sedis
1149 3989 1243 4050 inter-

165 4085 296 4151 nuntius
318 4086 357 4150 ad
379 4085 481 4148 aulam
505 4077 741 4150 Bruxellensem
765 4084 932 4162 residens,
955 4085 1029 4150 item
1052 4087 1083 4148 in
1106 4083 1242 4150 eeclesia

250 4204 296 4247 111.
903 4224 905 4228 -
1124 4185 1159 4248 31
