3100 4938
706 371 891 438 -l16-

254 527 396 600 director
417 534 564 616 praefuit.
593 533 732 599 Tandem
758 533 919 614 supremis
945 533 1063 600 tabulis
1088 533 1341 601 testamentariis

255 628 481 697 bibliothecam
498 648 601 708 suam,
620 631 715 696 omni¹
730 631 884 698 librorum
907 649 1025 713 genera
1048 628 1345 706 instructissimam,

229 761 232 764 ·
256 743 320 794 uua
334 746 407 795 uum
421 729 520 794 variis
536 729 641 814 magni
658 729 751 812 pretii
767 729 903 811 picturis
926 747 997 811 pru·
1008 745 1154 796 camarae
1173 730 1346 798 rectoralis

255 827 464 893 exornatione
475 827 603 909 legavit,
614 843 664 904 ao,
675 827 844 904 (atisccntc
856 817 1080 909 corporepost
1089 828 1177 894 leves
1189 827 1345 909 quasdam

184 920 186 924 ’
256 921 1342 1011 infirmitatesobiiildmartiilihl,circascptimamvespertinam,

252 1027 378 1086 alinum
391 1039 491 1104 agens
506 1023 620 1087 aetatis
636 1023 713 1086 dinur
728 1023 778 1104 (i).

283 1119 447 1202 ,Paquot'z
466 1144 483 1182 (ι
497 1121 648 1186 Succedit
663 1123 777 1188 eodem
793 1121 846 1186 die
858 1144 876 1197 a,
951 1203 958 1210 Ι

163 1351 166 1358 ¹
222 1321 226 1330 ,
298 1265 425 1333 xxxii.
443 1269 534 1334 1751.
548 1248 723 1334 Leuunnuus
735 1239 1344 1358 losbarros-Sanmrnncu‘n,LuraniensiS.

256 1365 356 1433 irater
371 1369 631 1450 consanguineus
647 1367 762 1454 AEgidii
780 1368 956 1444 Francisci‚
973 1367 1047 1432 dein
1064 1368 1253 1433 brabantiae
1268 1375 1345 1432 cah·

135 1509 142 1520 .
256 1467 377 1536 uertant
393 1467 456 1531 vna
473 1467 607 1532 cunetis
631 1467 977 1534 pertranseamus
1000 1466 1039 1529 aa
1063 1449 1248 1546 novembris
1266 1466 1346 1531 rma
1372 1509 1374 1513 -

147 1617 151 1623 ,
256 1563 383 1645 collegii
401 1565 562 1646 trilinguis
577 1581 723 1646 praeses,
740 1573 771 1630 et
786 1581 870 1630 anno
892 1565 973 1628 1731
995 1566 1022 1629 J:
1040 1565 1079 1628 U.
1096 1565 1210 1630 doctor
1226 1581 1345 1652 renun-

217 1671 218 1674 ’
258 1661 355 1727 tialus
382 1663 421 1726 ad
447 1662 543 1744 hujus
569 1661 671 1726 sancti
698 1663 806 1728 lvonis
833 1660 1081 1743 praesidentiam
1108 1661 1235 1726 transiit
1257 1676 1345 1726 anno

257 1759 350 1837 1751,
364 1760 513 1849 defuncto
529 1761 766 1841 Magermannu.
786 1761 867 1825 Hinc
882 1777 966 1824 anno
984 1761 1075 1836 1757,
1089 1768 1163 1840 post
1178 1759 1343 1824 dominum

219 1863 229 1878 ·
258 1857 323 1922 Van
340 1857 496 1922 Gameren
512 1855 546 1920 stt
562 1874 693 1938 praeses
710 1857 837 1938 collegii
862 1857 1044 1933 sabaudici,
1070 1856 1252 1938 ibidemque
1267 1855 1346 1921 obiit

243 1952 298 2018 13
314 1955 388 2043 maji
408 1955 500 2031 1777,
526 1955 638 2020 aetatis
661 1955 789 2026 circiter
811 1955 851 2020 80
873 1971 1042 2031 annorum.
1060 1954 1138 2019 Vide
1159 1954 1187 2017 l.
1205 1953 1244 2018 U.
1259 1943 1345 2020 ¹doc-

260 2063 369 2124 tores·
401 2109 426 2133 ,X

298 2197 440 2264 XXXlll.
471 2197 563 2261 lidi.
595 2199 780 2264 Fanncrscus
810 2199 967 2276 Macareus,
999 2173 1220 2274 Lovaniensis,
1252 2209 1346 2268 natus

130 2341 133 2348 ·
257 2298 271 2360 1
298 2297 446 2362 octobris
466 2295 558 2380 1717,
583 2307 673 2378 patre
699 2298 855 2374 Tossano,
876 2300 985 2365 ,matre
1007 2298 1158 2362 Therasia
1183 2297 1281 2374 loris,
1308 2315 1346 2362 ex

135 2389 151 2457 ‘.
257 2393 420 2474 primariis
436 2395 553 2460 muium
566 2395 815 2460 lovaniensium
831 2395 960 2460 familiis
975 2396 1072 2478 longa
1086 2397 1171 2460 serie
1185 2395 1347 2488 oriundis.

258 2492 381 2558 literas
396 2493 604 2558 humaniores
620 2511 657 2560 ac
672 2493 873 2574 dialecticam
889 2494 921 2557 in
937 2495 1103 2575 gymnasio
1121 2495 1345 2560 sanctissimae

194 2648 196 2651 ,
256 2591 421 2656 Trinitatis
436 2591 758 2674 didicit‘ihidemquc
776 2588 815 2657 'iu
837 2593 998 2658 classibus
1014 2593 1164 2658 untrtibus
1180 2593 1264 2658 inter
1279 2591 1345 2672 priv

257 2703 328 2753 mos
343 2705 472 2769 semper
484 2690 719 2771 praemia'tulit.
732 2691 825 2754 Anno
839 2690 918 2756 1737
931 2690 963 2783 in
976 2684 1099 2768 artibus
1115 2707 1133 2755 e
1148 2688 1345 2772 paedagogio

139 2791 142 2798 '
257 2786 418 2864 Falconis,
433 2795 599 2869 postquam
613 2805 671 2870 pro
684 2789 785 2870 prima
797 2789 881 2854 linea
893 2795 1061 2870 certasset,
1074 2789 1141 2853 22²⁵
1153 2796 1338 2869 promotuse

256 2901 295 2950 cx
310 2902 375 2966 quo
390 2886 494 2966 primo
516 2887 708 2968 theologiae,
725 2903 762 2952 ac
785 2886 804 2949 5
823 2886 904 2967 junii
922 2887 1000 2950 libi
1018 2887 1197 2968 presbyter,
1215 2902 1253 2950 ac
1267 2884 1340 2949 dein

256 2993 330 3064 post
345 2999 448 3048 annus
470 2992 608 3064 quatuor
623 3001 697 3050 sese
719 2983 861 3065 applicat
877 2983 1151 3066 jurisprudentiae
1167 2983 1292 3060 studio;
1309 2982 1341 3046 in

160 3139 162 3144 .
256 3081 318 3146 hoo
333 3081 403 3170 tisci
419 3089 451 3147 et
466 3081 579 3146 decani
595 3081 622 3144 l.
640 3081 679 3146 U.
696 3081 978 3146 baccalaureoroiu
1002 3071 1190 3147 muneribus
1215 3083 1342 3148 summo

256 3196 329 3250 oum
344 3179 500 3262 applausu
518 3181 657 3256 iunctus,
675 3180 825 3262 licentiae
840 3181 949 3245 laurea
966 3180 999 3244 in
1013 3181 1041 3246 l,
1055 3179 1094 3243 U.
1111 3177 1281 3245 decoratus
1292 3185 1344 3242 est

150 3277 156 3285 '
256 3276 296 3340 19
308 3275 446 3358 januarii
463 3277 555 3354 1746,
573 3285 605 3342 et
624 3277 661 3340 ll
677 3277 750 3358 maji
766 3277 846 3343 1717
862 3278 901 3342 ad
914 3293 1085 3342 sacrorum
1101 3293 1261 3343 canonum
1274 3275 1342 3340 lec·
1359 3283 1371 3302 ‘
1432 3331 1437 3336 .

255 3375 376 3439 tionem
398 3383 430 3440 et
452 3376 675 3442 canonicatum
703 3377 864 3442 secuntiae
889 3375 1088 3440 fundationis
1115 3375 1148 3439 in
1172 3375 1236 3438 divi
1259 3373 1342 3438 Petri

256 3481 424 3554 promotus
439 3481 508 3550 est;
525 3475 577 3538 cui
601 3474 854 3555 deiude,utputc
869 3491 929 3540 nec
940 3474 1087 3550 chorum,
1105 3491 1165 3538 nec
1185 3473 1341 3546 habitum,

26 3575 29 3583 '
128 3644 131 3650 ¹
157 3608 159 3611 .
256 3585 316 3634 noc
341 3569 530 3652 religionem
552 3572 699 3652 exegenti
722 3569 801 3650 (sic),
821 3571 904 3636 alius
925 3572 957 3636 in
983 3571 1159 3638 cathedrali
1186 3567 1344 3652 Brugansi

247 3669 483 3748 superadditus
499 3669 559 3733 fuit
590 3668 626 3732 11
650 3669 788 3750 januarii
805 3669 884 3734 1756
900 3687 958 3752 per
973 3671 1124 3766 eximium
1140 3687 1177 3738 ao
1192 3667 1341 3735 illustris·

257 3765 374 3830 simum
400 3767 566 3832 dominum
595 3768 715 3845 Cuimo,
745 3769 1175 3852 Brugcnsiumepisuopum
1202 3767 1344 3850 (interim

258 3863 372 3944 hjunii
389 3880 472 3929 anno
489 3860 566 3928 1751
584 3867 766 3932 sacerdotio
782 3867 925 3934 initiatus
940 3869 1019 3949 iuitl.
1036 3863 1114 3936 lum
1130 3884 1214 3941 antro
1230 3865 1345 3933 eodem

295 4073 335 4143 (1)
355 4075 455 4146 chea,
475 4091 520 4130 tur
538 4076 716 4147 Magcrmuus,
739 4077 861 4148 Nauna,
884 4080 1001 4136 Histoire
1019 4080 1050 4136 de
1072 4079 1099 4136 la
1120 4039 1292 4152 bibliothecae
1313 4079 1347 4136 do

200 4240 208 4249 m
255 4163 382 4232 louvain,
398 4183 425 4238 p.
443 4165 475 4221 18
490 4171 518 4222 at
531 4164 599 4223 suiv.
1282 4167 1295 4175 ²
