3036 4946
736 430 918 494 -568-

287 590 537 656 renuntiaretur.
555 592 670 674 Vigore
693 594 931 676 privilegiorum
947 594 1204 660 academicorum
1221 593 1261 656 ad
1276 608 1366 673 prae·

287 688 422 752 bendam
439 689 471 753 in
497 692 635 757 ecclesia
662 694 837 760 cathedrali
861 693 1084 758 cameracensi
1106 699 1272 773 promotus
1297 691 1365 755 suit.

287 786 380 852 Anno
406 789 485 852 1556
511 790 547 855 111
562 791 704 856 decanus
725 793 854 874 capituli
875 794 976 858 sancti
991 792 1100 858 Jacobi
1117 792 1257 866 Lovanii,
1276 800 1367 872 atque

288 886 329 949 ob
358 903 514 951 summam
544 889 612 970 ejus
642 890 675 954 in
705 900 841 973 utroque
860 892 932 972 jure
955 892 1100 971 peritiam
1123 891 1206 954 inter
1228 890 1368 970 supremi

289 986 418 1049 concilii
446 988 529 1066 apud
556 989 806 1074 hleehlinienses
832 1000 998 1056 senatores
1024 989 1263 1056 ecclesiasticos
1285 1005 1368 1052 anuo

289 1085 369 1147 1557
385 1094 553 1166 cooptatus
569 1096 633 1165 est;
658 1091 743 1170 quod
766 1108 883 1154 munus
900 1107 956 1171 per
973 1107 1074 1154 annos
1091 1089 1129 1152 ln
1151 1106 1274 1154 summa
1291 1089 1368 1154 inte·

289 1183 402 1264 gritate
423 1186 534 1265 gessit.
553 1185 746 1269 Assumptus
762 1207 890 1270 quoque
913 1180 972 1253 11111
993 1207 1010 1254 a
1033 1189 1195 1254 cardinale
1217 1187 1369 1252 Granvel-

287 1281 372 1358 lano,
403 1285 680 1350 Mechliniensium
711 1289 968 1370 archiepiscopo,
1002 1287 1034 1350 in
1064 1287 1231 1352 officialem
1264 1286 1370 1352 curiae

288 1397 366 1446 suae
382 1382 575 1461 spiritualis;
601 1401 618 1448 3
640 1403 716 1468 rege
743 1387 889 1467 Philippo
915 1387 941 1450 ll
969 1386 1151 1450 nominatus
1178 1403 1262 1450 anno
1292 1385 1369 1448 1558

286 1479 326 1542 ad
353 1482 606 1560 praeposituram
629 1486 785 1552 ecclesiae
811 1485 999 1565 collegiatae
1025 1485 1136 1548 beatae
1161 1483 1279 1548 Mariae
1301 1485 1369 1546 Vir-

287 1579 371 1660 ginis
398 1581 524 1662 Brugis,
550 1600 644 1663 quam
672 1585 766 1648 etiam
792 1585 865 1650 dein
891 1585 1073 1664 perplures
1091 1601 1192 1648 annos
1215 1601 1278 1647 una
1300 1599 1369 1647 cum

287 1677 472 1759 episcopatu
486 1680 632 1758 retinuit;
647 1700 664 1748 a
680 1684 773 1747 Petro
787 1682 908 1758 Curtio,
919 1682 1022 1763 primo
1036 1682 1191 1763 Brugensi
1204 1681 1368 1762 episcopo,

286 1776 472 1858 designatus
487 1797 614 1861 quoque
630 1781 752 1860 primus
767 1782 957 1846 dioeceseos
973 1781 1150 1862 Brugensis
1165 1779 1326 1844 officialis.

328 1878 432 1942 Variis
448 1879 537 1944 hisce
553 1880 760 1962 dignitatibus
777 1891 844 1946 tum
863 1881 894 1944 in
912 1881 1056 1945 Ecclesia
1071 1887 1138 1944 turn
1160 1879 1192 1942 in
1209 1880 1369 1960 republica

288 1976 426 2042 illustris
455 1977 599 2044 Driutius
626 1996 710 2044 anno
737 1980 816 2044 1560
843 1996 860 2044 3
887 1979 1033 2061 Philippo
1063 1979 1090 2042 ll
1118 1979 1307 2059 designatus
1323 1986 1395 2042 est*

288 2075 411 2155 primus
435 2076 608 2157 episcopus
630 2079 889 2144 Leowardiensis
915 2094 953 2141 ac
973 2077 1092 2158 primas
1115 2077 1254 2149 Frisiae;
1279 2086 1370 2157 atque

289 2173 351 2238 hoo
363 2173 455 2239 titulo
470 2174 613 2240 interfuit
627 2186 722 2258 atque
737 2177 930 2258 subscripsit
946 2176 1085 2244 concilio
1112 2175 1302 2256 provinciali
1318 2175 1369 2238 ba-

289 2271 355 2336 bito
370 2272 506 2353 Traiecti
522 2274 560 2340 ad
576 2275 722 2340 Rhenum
744 2292 828 2341 anno
845 2275 943 2352 1665;
961 2276 1019 2345 sed
1035 2275 1131 2340 rebus
1148 2275 1181 2337 in
1195 2274 1299 2338 Frisia
1315 2289 1368 2354 per

237 2365 240 2371 '
292 2370 444 2436 haereses
456 2379 550 2453 atque
563 2373 756 2440 rebelliones
768 2374 915 2450 turbatis,
931 2383 1100 2454 antequam
1112 2380 1367 2445 consecraretur,

291 2469 465 2556 translatus
491 2480 540 2536 est
565 2472 753 2539 3111131569
779 2475 819 2538 ad
845 2472 1028 2540 cathedram
1053 2472 1262 2552 Brugensem
1281 2470 1369 2554 cujus

290 2569 453 2636 secundus
468 2569 641 2651 episcopus
657 2571 794 2638 solemni
809 2573 872 2638 ritu
887 2572 1094 2654 inauguratus
1110 2577 1161 2636 est
1181 2569 1368 2636 Mechliuiae

289 2666 323 2732 in
338 2669 477 2734 ecclesia
492 2670 666 2748 parochiali
680 2677 810 2736 sanctae
825 2669 1013 2736 catharinae
1034 2668 1072 2732 13
1088 2667 1274 2735 novembris
1299 2666 1369 2732 anni

290 2765 435 2846 ejusdem
452 2768 542 2844 1569,
557 2787 649 2836 33313
665 2777 837 2851 peragente
853 2768 1068 2834 Maximiliano
1083 2767 1234 2849 aBergis‚
1249 2766 1369 2830 archie-

290 2865 423 2946 piscopo
435 2865 1228 2946 33113336313133333,333131311111338131131333
1241 2865 1370 2939 sonnio,

289 2965 543 3044 833331333331,
571 2975 602 3032 31
627 2968 776 3034 Cornelio
797 2957 1369 3045 13333313,(1315313131331333313.

330 3055 556 3146 Episcopatum
582 3069 780 3148 Brugeusem
804 3066 885 3130 rexit
911 3083 968 3146 per
990 3061 1371 3139 31133381,1111111·11111313

290 3179 369 3227 sane
385 3165 597 3244 temporibus,
614 3167 730 3247 quibus
747 3167 817 3246 ipse
833 3165 960 3246 praesul
977 3162 1141 3243 ceterique
1162 3161 1237 3226 boni
1254 3177 1292 3226 ac
1306 3152 1372 3241 'regi

290 3261 403 3328 fideles
415 3265 575 3338 catholici,
586 3267 752 3348 signanter
763 3281 840 3329 vero
853 3261 1065 3328 ecclesiastici
1078 3278 1115 3325 ac
1127 3259 1371 3340 religiosi‚mala

291 3361 427 3441 plurima
442 3364 481 3428 ab
497 3364 666 3430 haereticis
682 3372 715 3430 et
736 3363 911 3429 rebellibus
928 3360 1074 3442 perpessi
1091 3367 1183 3434 sunt;
1211 3357 1370 3439 quinimo

291 3461 324 3524 in
349 3461 454 3542 ipsum
481 3464 662 3544 praesulem
687 3479 770 3527 anno
797 3462 876 3525 1511
899 3460 1014 3540 impias
1041 3475 1155 3524 manus
1183 3457 1372 3538 injecerunt,

292 3574 329 3624 33
344 3561 491 3626 eumdem
507 3579 579 3626 cum
595 3562 747 3642 episcopo
770 3559 903 3641 iprensi,
922 3558 994 3622 aliis
1017 3556 1218 3637 magnatibus
1235 3571 1272 3619 ae
1296 3553 1375 3617 viris

292 3657 467 3740 religiosis,
484 3666 591 3725 arctae
616 3659 782 3724 custodiae
805 3653 946 3722 Gandavi
961 3656 1176 3729 incluserunt,
1194 3671 1231 3721 ac
1246 3653 1375 3718 tandem

293 3765 366 3838 post
391 3759 580 3824 triennalem
606 3759 819 3839 captivitatem
846 3758 945 3822 multo
971 3756 1045 3820 litro
1069 3754 1268 3833 redemptam
1293 3767 1376 3816 anno

293 3855 370 3918 1581
397 3857 542 3930 1313331,
573 3857 714 3922 (13111331
735 3864 775 3920 et
803 3855 1002 3920 aldenardae
1029 3852 1159 3917 exulare
1184 3850 1372 3932 coegerunt,

293 3953 397 4019 donec
412 3972 495 4020 anno
519 3957 611 4031 1581,
628 3973 706 4037 pace
722 3955 836 4036 Brugis
853 3954 1024 4034 publicata,
1043 3950 1188 4032 pluribus
1204 3947 1378 4014 haereticis

294 4059 388 4134 atque
404 4055 578 4120 rebellibus
593 4057 714 4136 Brugas
730 4055 813 4120 ultro
829 4051 1067 4126 deserentibus,
1085 4048 1214 4130 praesul
1236 4046 1290 4111 hic
1306 4061 1378 4112 cum

294 4153 459 4218 canonicis
482 4155 550 4219 suis
566 4155 604 4219 ab
620 4155 716 4220 exilio
731 4154 771 4217 ad
787 4169 864 4218 oves
881 4167 956 4218 suas
980 4165 1131 4216 reversus
1151 4155 1212 4224 est,
1239 4161 1377 4210 summo·

296 4268 358 4332 que
373 4254 481 4318 studio
504 4263 535 4319 31
556 4255 717 4336 vigilantia
739 4261 882 4318 errantes
905 4252 937 4314 in
963 4251 1047 4312 viam
1070 4247 1212 4313 veritatis
1238 4243 1376 4318 reduxit,
