3130 4942
643 407 850 498 ..κῃ

221 569 431 650 supradictae
452 569 560 634 domui
584 577 616 634 et
641 571 723 634 curti
745 572 876 652 praefati
894 570 1050 654 conjuges
1075 569 1127 634 die
1152 571 1189 634 ll
1216 570 1266 635 de

153 669 316 748 .cembris
345 669 424 732 llll
448 668 528 754 alias
556 667 780 748 adjunxerunt,
808 685 863 734 eas
891 668 1053 744 nimirum,
1081 685 1161 748 quas
1188 674 1266 734 tunc

175 769 333 848 temporis
362 767 582 831 inhabitabant
605 767 805 843 mansiones,
833 767 982 834 videlicet
1008 790 1025 825 «
1049 767 1179 839 domum
1207 784 1265 833 seu

178 859 379 932 mansionem
395 857 525 930 totalem
541 883 613 930 eum
630 873 730 941 curte,
756 866 882 952 stabulo
906 873 937 931 et
953 864 1122 929 commodo
1135 859 1262 944 putei...

176 981 328 1029 necnon
359 981 432 1029 cum
461 964 555 1028 vinea
588 972 803 1041 retrostante,
831 981 903 1028 oum
937 964 1106 1029 commodo
1134 963 1203 1027 riae
1232 973 1265 1030 et

174 1063 280 1126 exitus
297 1070 406 1142 portae
420 1079 535 1126 versus
547 1061 682 1161 plateam
696 1062 813 1126 dictam
827 1064 886 1126 deo
902 1065 1044 1141 Bopoern
1062 1078 1099 1125 ae
1115 1061 1264 1128 omnibus
1343 1119 1345 1123 .

176 1160 249 1224 aliis
264 1147 302 1224 ac
324 1161 461 1241 singulis
477 1160 546 1226 suis
569 1160 783 1240 pertinentiis,
801 1149 896 1224 sitdm
911 1161 944 1222 in
966 1161 1139 1240 Praepositi
1154 1166 1263 1224 strato.

175 1258 320 1340 Impositi
332 1268 407 1323 sunt
419 1259 493 1340 jure
508 1259 721 1323 haereditario
736 1259 769 1322 in
788 1259 995 1338 diotisbonis
1012 1258 1133 1322 domini
1149 1267 1180 1323 et
1196 1274 1263 1322 ma-

172 1358 265 1438 gistri
294 1358 459 1422 Emericus
474 1358 515 1422 de
530 1357 661 1437 Campe,
677 1358 823 1423 Andreas
846 1359 885 1423 de
901 1357 1026 1438 Capella
1047 1366 1078 1421 et
1099 1358 1262 1421 lohannes
1310 1383 1312 1390 ·

175 1455 386 1532 Varenacker,
413 1455 528 1520 artium
554 1456 699 1536 magistri
735 1464 767 1521 et
794 1473 905 1520 sacrae
919 1455 1109 1536 theologiae
1138 1456 1263 1535 profes-

172 1572 277 1630 sores,
302 1563 450 1635 tanquam
476 1571 534 1634 pro
561 1571 647 1618 nuno
661 1561 805 1619 rectores
821 1554 980 1621 facultatis
997 1571 1107 1619 sacrae
1136 1553 1261 1618 theolo-

172 1653 244 1735 giae
259 1653 481 1717 Universitatis
497 1653 594 1717 studii
608 1653 841 1743 ¹Loraniensis,
868 1653 908 1716 ad
925 1669 1017 1716 usum
1035 1660 1067 1716 et
1091 1651 1261 1717 utilitatem
1290 1679 1292 1684 r

172 1751 299 1833 collegii
320 1751 423 1815 sancti
439 1751 575 1831 Spiritus
597 1768 655 1831 per
669 1751 865 1816 Ludovicum
881 1751 986 1832 Rycle
1001 1757 1033 1824 et
1056 1750 1260 1815 domicellam

172 1850 338 1924 ludocam,
355 1851 423 1930 ejus
441 1867 583 1927 uxorem,
607 1867 665 1930 pro
682 1867 768 1914 nunc
787 1851 909 1916 fundati
922 1851 954 1913 in
973 1849 1133 1929 praedicta
1149 1849 1256 1924 domo,

173 1966 276 2029 nuper
290 1957 469 2029 nuncupata
494 1949 641 2022 Hollond,
660 1965 717 2029 pro
740 1955 863 2028 septem
886 1949 1081 2030 pauperibus
1100 1948 1133 2011 in
1148 1947 1259 2012 eadem

172 2047 321 2112 laenitate
338 2064 451 2112 sacrae
467 2048 646 2128 theologiae
661 2047 878 2123 studentibus,
896 2065 1033 2128 quorum
1049 2064 1178 2127 semper
1193 2047 1258 2112 duo

173 2155 268 2209 erunt
294 2145 490 2226 presbyteri;
518 2145 577 2226 qul
593 2152 724 2225 propter
746 2147 995 2212 celebrationem
1025 2146 1198 2210 missarum
1227 2144 1261 2208 in

173 2243 257 2310 dieto
274 2243 411 2323 collegio
427 2260 484 2323 per
509 2243 600 2323 ipsos
616 2245 881 2309 celebrandarum
897 2245 1060 2316 habebunt
1085 2244 1125 2308 de
1152 2242 1260 2320 bonis,

147 2336 152 2354 ⁸
175 2341 330 2408 reditibus
354 2359 392 2406 ac
411 2342 636 2408 emolumentis
661 2343 763 2424 ipsius
785 2343 911 2424 collegii
927 2343 1087 2424 duplicem
1102 2342 1259 2424 praeben·
1347 2365 1353 2372 r

176 2439 248 2506 dam
264 2447 415 2520 respectu
431 2447 612 2506 ceterorum
628 2457 803 2523 pauperum
819 2442 1028 2508 studentium.
1046 2465 1061 2500 s

188 2524 191 2536 ’
214 2538 251 2601 ln
267 2538 327 2602 bac
347 2538 497 2604 cessione
518 2547 685 2606 reservant
710 2540 896 2606 fundatores
922 2541 983 2605 sibi
1012 2538 1259 2613 usumfructum,

131 2651 135 2658 ·
174 2636 326 2718 quamdiu
355 2637 417 2716 ipsi
432 2637 482 2702 vel
498 2637 578 2702 alter
593 2655 705 2703 eorum
727 2647 894 2722 superstes
919 2639 1045 2714 uixerit,
1073 2637 1133 2703 sub
1161 2653 1260 2702 onere

174 2735 387 2816 reparationis
417 2743 449 2800 et
477 2736 650 2810 solutionis
679 2754 835 2803 censuum
862 2746 893 2804 et
915 2753 1052 2803 onerum
1077 2754 1117 2802 ex
1143 2734 1259 2801 iisdem

174 2835 270 2900 bonis
286 2833 467 2899 debitorum
482 2841 514 2899 et
527 2835 725 2912 exeuntium,
744 2844 806 2900 etc.
822 2839 831 2858 '

214 2933 337 2997 Deinde
349 2933 426 2998 dieti
439 2933 605 3014 conjuges,
619 2935 794 3000 condentes
806 2953 899 3000 suurn
913 2934 1138 2999 testamentum
1152 2933 1191 2994 lb
1204 2949 1264 2997 no·
1293 2957 1300 2968 ·

173 3031 316 3096 vembris
332 3031 422 3107 fler,
440 3049 548 3097 eoram
569 3032 697 3098 Rusone
712 3050 773 3096 van
793 3034 855 3098 den
878 3033 996 3107 Heede,
1022 3031 1150 3105 elerico,
1179 3037 1257 3104 etc,

53 3149 58 3162 ·
173 3129 355 3210 praedictas
376 3129 565 3196 donationes
588 3131 819 3197 confirmarunt
845 3148 882 3196 ac
909 3131 970 3196 alia
996 3131 1154 3211 quaedam
1178 3129 1263 3223 bona
1310 3187 1312 3193 .

171 3229 232 3292 sub
248 3227 405 3302 Winxele,
417 3227 535 3307 Herent
550 3235 582 3292 et
596 3229 819 3298 Veltbcmsita
838 3230 1023 3310 relinquunt
1036 3221 1093 3290 «in
1108 3242 1262 3308 augmen-

173 3335 240 3392 tum
256 3344 316 3392 seu
329 3323 478 3408 juvamen
500 3327 673 3393 dotationis
694 3338 819 3410 septem
841 3345 1017 3410 pauperum
1042 3327 1074 3390 in
1095 3325 1259 3408 praedicta
1328 3345 1334 3358 ⁸

174 3424 324 3491 facultate
351 3425 532 3507 theologica
558 3426 766 3502 studentium,
789 3427 878 3508 juxta
905 3437 1049 3492 tenorem
1065 3422 1261 3489 fundationis

174 3524 357 3606 hujusmodi
374 3533 564 3605 praetactae.
583 3550 598 3580 a

214 3623 271 3688 llis
297 3623 341 3687 ita
367 3623 543 3703 dispositis,
571 3623 752 3690 Ludovieus
774 3624 909 3706 ejusque
926 3641 1005 3688 uxor
1025 3622 1145 3687 Judoca
1172 3619 1260 3684 obie-

158 3730 260 3798 runt,
278 3721 333 3787 ille
346 3721 431 3786 inter
447 3721 486 3784 ab
509 3721 580 3802 iulii
604 3720 683 3786 1456
708 3729 739 3788 et
760 3721 799 3785 to
813 3722 952 3802 januarii
975 3719 1066 3795 1458,
1094 3720 1147 3782 illa
1173 3726 1262 3783 sexta

173 3819 242 3900 julii
258 3809 331 3885 ante
359 3819 448 3895 1478,
473 3819 531 3884 sed
557 3829 630 3901 post
655 3814 815 3885 maritum.
840 3821 961 3900 Sepulti
978 3827 1054 3884 sunt
1069 3819 1162 3882 ambo
1177 3816 1261 3898 apud

176 3916 314 3983 Minores
343 3917 473 3982 lovanii
499 3919 532 3981 in
559 3920 681 3998 capella
707 3936 777 3995 sua,
795 3921 926 3984 fundata
952 3919 1052 3982 missa
1074 3917 1259 3998 quotidiana

176 4015 457 4092 etanniversari03
477 4016 698 4099 integramque
710 4019 911 4083 mansionem
923 4019 954 4080 in
964 4019 1138 4098 Praepositi
1149 4019 1256 4089 strata,

176 4111 208 4175 in
223 4131 305 4179 cono
320 4114 382 4179 vici
409 4114 485 4179 dieti
510 4117 727 4191 Henelstroete,
746 4116 837 4198 cuius
853 4123 975 4198 partem
991 4117 1108 4191 adbuc,
1135 4111 1259 4177 domin

70 4211 76 4218 '
177 4211 255 4278 viris
277 4219 399 4288 essent,
422 4222 628 4295 occuparant,
645 4215 782 4296 collegio
805 4232 862 4281 seu
878 4214 1055 4280 fundationi
1077 4218 1255 4277 cesserunt.
1286 4290 1293 4304 .
