3100 4938
638 500 822 564 ιω141-

177 666 335 732 cessitate
350 663 589 746 hospitationis,
608 665 694 730 dieto
712 664 906 746 praesidenti
922 681 961 730 ex
976 664 1189 730 conclusione
1203 665 1273 730 dic·

175 775 283 830 tarum
315 763 502 830 facultatum
530 763 665 829 detracti
702 771 777 828 sunt
811 763 887 828 dicti
905 763 1032 829 decem
1066 763 1181 828 iloreni
1219 781 1276 844 per

181 879 324 938 menses,
341 870 374 927 et
395 863 441 925 illi
465 863 627 926 dumtaxat
643 861 754 926 relicta
778 862 892 928 domus
917 862 1097 942 collegiatis
1120 861 1274 932 habitatio

178 970 213 1026 et
230 977 310 1033 usus
326 959 548 1041 supellectilis,
563 961 721 1042 permissu
738 961 783 1023 illi
799 961 948 1026 facultate
965 977 1024 1024 suo
1037 961 1129 1026 tuero
1145 970 1176 1026 et
1194 960 1274 1041 peri·
1357 977 1361 984 ·
1387 1012 1389 1015 .

182 1060 390 1124 cnloalendi
413 1060 634 1134 convictores;
660 1060 691 1122 in
719 1077 782 1141 quo
809 1065 893 1124 statu
918 1075 1008 1126 nnnc.
1033 1057 1138 1124 adhuc
1162 1059 1275 1124 lraeret

184 1158 306 1222 dictum
329 1157 511 1240 collegium.
530 1158 620 1232 Quod
644 1175 701 1238 per
725 1157 996 1238 perseverantiam
1020 1156 1095 1221 dicti
1114 1155 1273 1237 praesidis
1361 1238 1366 1245 Ι

183 1257 215 1320 in
231 1255 300 1332 illo,
318 1257 454 1322 durante
470 1256 555 1322 dicto
576 1257 703 1322 militari
721 1256 894 1336 praesidio,
912 1262 944 1321 et
966 1255 1052 1320 illius
1074 1255 1275 1336 diligentiam

183 1357 218 1418 in'
232 1354 416 1436 integritate
432 1355 651 1420 aedificiorum
667 1362 893 1420 conservatum
916 1361 978 1431 est,
995 1355 1080 1436 quod
1105 1355 1224 1436 alioqui
1240 1354 1271 1416 in

183 1470 312 1518 summo
327 1453 441 1518 fuisset
461 1455 617 1536 periculo,
636 1471 675 1519 ex
695 1471 759 1536 quo
783 1461 914 1535 propter
936 1454 1051 1518 domus
1067 1453 1274 1533 splendorem

184 1553 216 1616 in
231 1570 272 1618 eo
288 1554 476 1634 plerumque
492 1553 641 1618 collocati
658 1554 787 1618 luerunt
803 1552 961 1632 capitanei
976 1560 1007 1617 et
1022 1553 1161 1633 equites.

225 1651 416 1717 provisores
432 1652 526 1732 hujus
548 1652 675 1734 collegii
697 1659 772 1716 sunt
793 1652 857 1716 duo
881 1669 937 1732 per
952 1651 1039 1716 vices
1061 1650 1273 1716 exelectione

182 1751 380 1825 facultatum,
393 1765 531 1832 querunt
543 1751 623 1814 alter
637 1767 722 1815 nuno
738 1757 787 1814 cst
798 1749 980 1815 Ludovicus
996 1749 1141 1828 Carrion,
1157 1749 1272 1814 utrius-

176 1843 355 1934 ·que'iuris
384 1849 514 1926 doctor,
545 1850 625 1914 alter
652 1849 803 1914 Nicotaus
833 1848 967 1924 dorius,
1000 1848 1167 1929 utriusque
1190 1847 1274 1928 juris

181 1950 377 2016 licentiatus.
405 1949 451 2012 Ex
475 1949 680 2014 ordinatione
704 1947 885 2037 laudatoris
912 1949 1043 2013 reditus
1060 1947 1188 2028 collegii
1215 1963 1274 2028 per
1318 1980 1319 1983 =

181 2057 386 2128 receptorem
401 2044 584 2128 specialiter
598 2048 637 2111 ad
653 2049 715 2112 noe
731 2048 943 2114 constitutum
958 2045 1058 2126 recipi
1075 2045 1203 2121 debent,
1219 2047 1273 2126 qui

131 2191 139 2212 .
182 2147 216 2210 in
233 2146 396 2228 praesenti
412 2147 522 2222 adhuc
540 2146 663 2226 primus
675 2156 724 2212 est
739 2145 892 2228 magister
906 2147 1046 2210 loannes
1062 2144 1273 2210 Schellekens

184 2247 246 2311 sula
262 2245 422 2327 stipendio
437 2245 582 2310 vicesimi
598 2245 731 2310 denarii.
817 2261 830 2302 η

220 2344 425 2409 vrrurunuuu
440 2341 512 2408 rsus
528 2343 641 2418 turnis,
654 2326 767 2410 onnes
783 2343 871 2408 sunu
888 2351 919 2408 et
939 2343 1033 2408 votae
1056 2341 1131 2406 uren
1144 2341 1274 2422 uorrregn

184 2459 244 2524 pro
264 2443 400 2506 maxima
422 2449 513 2523 parte
533 2442 646 2507 inculti
666 2442 836 2523 innuerunt
859 2441 1016 2522 usquead
1039 2457 1158 2505 aunum
1173 2439 1273 2511 tter:

183 2541 304 2622 quibus
316 2531 517 2615 durantibus,
532 2537 610 2603 nihil
626 2540 849 2605 omuinol'nde
865 2539 987 2621 percipi
1003 2538 1116 2620 potnit,
1133 2537 1275 2605 etaltera

184 2639 282 2721 nujus
295 2638 512 2720 eottsguuua
526 2635 585 2702 suo
599 2637 713 2702 neven
730 2645 794 2702 tou
810 2637 915 2702 urruu
931 2644 992 2711 est,
1008 2636 1159 2702 utvrxsn
1175 2621 1280 2702 utrum

130 2819 135 2824 ι
185 2737 256 2818 eius
271 2737 462 2818 vestigium:
480 2735 573 2816 euius
590 2737 678 2812 tundi
702 2741 786 2802 nune
809 2735 1022 2818 particulatim
1046 2735 1182 2800 diversis
1204 2749 1278 2814 per-

184 2836 276 2902 sonis
292 2827 452 2914 locantur,
466 2835 522 2900 sed
536 2835 699 2899 dumtaxat
711 2853 769 2916 pro
781 2835 875 2900 tertia
887 2841 977 2914 parte
989 2835 1163 2908 fructuum:
1179 2839 1275 2912 prout

185 2934 281 2999 etiam
298 2923 397 2998 altera
412 2933 486 2998 villa
501 2931 533 2996 in
549 2934 748 2999 Baesbeurre
765 2949 823 3015 pro
840 2933 936 2997 simili
959 2931 1052 2996 tertia
1069 2937 1157 3012 purte
1173 2930 1276 2995 locata
1384 2922 1402 2974 ³
1472 2967 1477 2982 ·

185 3040 235 3098 est
257 3033 359 3112 priori
381 3033 467 3096 illius
492 3033 618 3096 colono.
645 3033 689 3096 lta
716 3033 802 3114 quod
828 3031 1051 3114 provisoribus
1073 3027 1275 3109 impossibile

185 3131 292 3196 adhuc
312 3126 511 3196 videaturad
535 3131 655 3195 dictum
679 3130 851 3212 collegium
872 3128 1039 3194 bursarios
1059 3127 1229 3194 admittere
1244 3136 1276 3190 et

186 3229 302 3302 iterum
319 3227 469 3293 familiam
484 3226 617 3310 collegii·
636 3229 815 3294 instituere.
840 3228 937 3308 Cuius
958 3227 990 3290 in
1012 3227 1155 3291 futurum
1179 3224 1276 3290 etiam

187 3327 329 3394 manebit
345 3320 449 3392 adhuc
464 3325 570 3408 aliqua
590 3327 761 3392 difficultas
785 3334 915 3408 propter
931 3341 1105 3408 granorum
1121 3323 1274 3388 vilitatem

182 3426 217 3492 'et
233 3425 393 3490 minorem
406 3421 506 3490 solito
516 3425 644 3490 illorum
659 3425 815 3500 valorem,
829 3433 895 3489 turn
909 3424 1003 3489 etiarn
1017 3423 1101 3504 qnod
1115 3440 1153 3486 ex
1165 3437 1276 3500 praee·
1329 3417 1345 3496 J
1441 3455 1443 3462 ·

186 3535 296 3605 rogata
313 3523 448 3604 pecunia
461 3523 601 3604 praesidi
618 3524 796 3588 debeantur
808 3523 889 3588 ultra
906 3523 1102 3604 quingentos
1118 3520 1274 3593 florenos,

186 3633 219 3690 et
232 3615 320 3705 quod
336 3623 370 3686 in
386 3623 478 3688 initio
490 3623 667 3688 erectionis
690 3623 765 3688 dicti
786 3621 913 3703 collegii
937 3637 975 3686 ex
1002 3621 1132 3685 decreto
1148 3619 1278 3684 inculta·
1346 3644 1364 3667 ν

58 3751 65 3760 -
172 3731 254 3786 tum
276 3721 339 3786 sub
361 3721 598 3786 annuoreditu
625 3720 854 3802 quinquaginta
880 3719 1078 3784 florenorum
1105 3717 1278 3798 collegium

158 3820 521 3900 sdeouerttpucrrtanr
536 3819 643 3884 levare
665 3835 723 3899 pro
747 3819 920 3884 obtinendo
943 3816 1183 3882 amortisatione
1195 3815 1279 3897 iuris

186 3917 324 3984 feudalis
348 3933 368 3981 a
389 3917 471 3982 duce
493 3916 716 3991 discuciens,
733 3925 764 3981 a'
777 3933 842 3997 quo
864 3916 970 3980 dictae
992 3915 1074 3980 duae
1096 3915 1191 3980 villae
1204 3913 1276 3995 jure

186 4016 276 4081 feudi
304 4023 486 4080 moventur.
517 4017 619 4089 Quem
653 4015 792 4080 reditum
823 4013 1052 4096 quinquaginta
1082 4012 1279 4080 florenorum
1361 4053 1363 4060 ,

188 4114 358 4179 facultates
368 4121 518 4196 optarent
529 4113 640 4179 reduci
653 4131 711 4180 seu
722 4113 881 4195 denuitari
891 4130 930 4178 ex
942 4111 1107 4192 arriragtis
1117 4111 1279 4201 redituum

176 4211 266 4278 'dicti
286 4203 419 4294 collegii
436 4219 515 4278 'anm
534 4228 654 4278 novam
674 4211 805 4293 collegii
823 4205 1075 4293 institutionem.
1092 4209 1282 4354 vacantligus
1311 4231 1313 4256 ι

233 4313 281 4359 tlt.
807 4346 815 4361 .
