3100 4938
736 518 777 529 -
802 483 921 546 tta-

36 637 44 648 ’
69 703 76 714 .
105 683 108 690 ·
178 681 182 690 ·
283 649 1373 734 10100000101101000010011001100100ῑίοιῑο000010010010001100110

274 753 328 816 'lta
345 759 377 817 ut
393 749 577 814 consultum
594 766 657 813 nou
673 749 818 814 videatur
841 749 919 814 dicti
941 750 1069 832 collegii
1087 751 1262 832 plenariam
1279 755 1376 820 resti·

282 849 446 933 tutionem·
459 848 564 912 lacere
579 856 652 912 ante
668 848 903 914 exsolutionem
927 849 1109 914 debitorum
1133 858 1164 916 et
1180 852 1375 932 dequitatio-

187 951 191 958 ’
281 965 354 1012 nem
384 947 551 1010 dictorum·
574 946 807 1027 quinquaginta
835 946 1044 1023 florenorum,
1077 948 1169 1030 cujus
1199 965 1374 1032 numquam
1441 969 1447 974 ·

278 1047 384 1112 lutura
401 1051 488 1110 esset
500 1047 641 1119 occasio,
656 1045 682 1110 si
700 1045 817 1110 familia
835 1047 963 1112 nomine
979 1047 1106 1129 collegii
1122 1065 1194 1114 cum
1211 1050 1372 1116 burseriis

278 1145 373 1210 etiam
391 1143 501 1224 paucis
517 1143 630 1208 alenda
646 1153 745 1217 esset,
770 1150 888 1208 attenta
910 1145 1098 1224 praesertim
1121 1147 1292 1228 exiguitate
1316 1165 1373 1213 eo-

279 1260 363 1318 rum,
380 1257 461 1322 quae
484 1258 522 1306 ex
538 1240 634 1306 dictis
650 1241 734 1305 villis
757 1249 787 1306 ct
811 1241 917 1306 lundis
941 1243 1173 1324 percipiuntur,
1191 1253 1223 1310 et
1245 1245 1373 1326 aliquot

279 1341 374 1404 annis
390 1340 494 1404 adbuc
511 1339 631 1418 percipi
649 1347 812 1418 poterunt.

320 1440 461 1522 (Eatroit
475 1441 517 1502 dc
531 1445 658 1520 rapport
669 1457 726 1501 arn·
737 1439 830 1504 ·t'c‘tat
846 1441 899 1504 dea
914 1443 1041 1522 colliges
1066 1443 1104 1506 de
1126 1441 1321 1508 l'Unr'cctat'tc'
1333 1445 1373 1508 dc

84 1527 88 1536 ⁴
141 1621 159 1642 N
279 1540 472 1605 Laconicen
488 1538 634 1626 1589).Α
736 1563 740 1572 ·

317 1733 493 1814 collegium
511 1733 583 1810 hoc,
605 1733 703 1798 situm
725 1734 758 1798 in
784 1734 888 1815 platea
909 1735 994 1799 dicta
1014 1737 1240 1800 llcaaclstruetc
1262 1737 1369 1815 (hodie

276 1852 331 1897 rna
346 1835 383 1896 dc
400 1833 590 1912 Tirtomont),
607 1839 773 1898 auctorem
789 1833 936 1914 agnoscit
949 1837 1104 1900 loannem
1126 1835 1166 1900 de
1186 1835 1366 1910 Winckelc,
1489 1835 1494 1838 ’

276 1927 518 2000 baccalaureum
533 1930 567 1992 in
582 1929 720 2011 legibue,
737 1930 876 1997 scribam
895 1938 926 1996 et
945 1931 1105 1997 notarium
1127 1933 1369 2018 conservatoris

276 2029 517 2110 privilegiorum
540 2029 767 2094 Universitatis
792 2029 999 2095 lovaniensis
1022 2031 1086 2112 (qui
1105 2031 1186 2096 obiit
1207 2048 1293 2097 auno
1309 2036 1370 2097 Do-

276 2127 353 2192 mini
369 2127 460 2202 abab,
485 2127 537 2190 die
557 2129 595 2189 lb
609 2126 703 2207 junii,
721 2127 800 2192 hora
817 2128 849 2188 7⁸
864 2128 1029 2202 matutina,
1047 2129 1257 2209 sepultusad
1273 2147 1369 2196 sanc-

276 2236 341 2292 tum
366 2226 563 2318 Michadlem)
585 2233 617 2290 et
639 2223 735 2306 hujus
761 2225 862 2290 lilium
886 2243 925 2290 cx
949 2227 1050 2308 priori
1077 2243 1177 2292 uxore
1199 2227 1369 2292 catharina

275 2327 432 2402 vullincx,
462 2326 543 2406 patri
569 2325 805 2407 cognominem,
834 2326 1001 2391 doctorem
1027 2325 1205 2400 medicum;
1233 2326 1288 2408 qbi
1315 2343 1367 2391 ex·

242 2405 251 2423 ’
274 2435 396 2490 tramae
417 2423 573 2488 voluntati
596 2423 696 2504 patris
711 2423 763 2488 sui
778 2423 1001 2490 obsecundare
1016 2423 1195 2513 volenssi
1215 2424 1368 2490 nimirum

274 2523 345 2602 ipsc
360 2531 392 2586 et
407 2538 501 2587 soror
516 2521 585 2603 ejus
601 2521 691 2586 Clara
707 2521 886 2604 aut‘proles
902 2521 1041 2602 prolium
1056 2522 1264 2598 decederent,
1278 2524 1368 2588 nulla

274 2621 415 2702 legitima
437 2621 528 2702 prole
549 2621 673 2698 relicta,
700 2621 871 2706 praecipua
894 2638 953 2686 soa
972 2621 1056 2687 bona
1078 2621 1267 2703 sororisque
1289 2639 1368 2686 con-

272 2721 345 2785 tulit
365 2721 398 2784 in
422 2721 628 2785 donationem
644 2719 771 2801 collegii
787 2721 832 2808 ad
844 2737 938 2802 usum
953 2719 1174 2784 studiosorum
1188 2717 1219 2784 J.
1235 2720 1274 2785 U.
1293 2723 1367 2786 lun·
1411 2797 1415 2802 ι

271 2819 348 2895 dati,
376 2819 473 2900 idque
499 2819 530 2882 io
557 2819 653 2884 domo
676 2835 761 2883 anuo
789 2818 869 2888 1390
895 2817 1060 2883 aedificata
1084 2835 1158 2884 cum
1182 2817 1366 2900 insignibus

265 2917 512 2992 dalsteriorum,
530 2933 624 2997 quam
645 2931 663 2980 a
684 2917 841 2982 Balduino
864 2916 994 2982 Henrici
1016 2916 1056 2980 de
1077 2915 1232 2991 Zierixea,
1251 2917 1365 2983 decre·

271 3027 376 3081 torum
393 3018 537 3090 doctore,
556 3032 641 3079 anno
658 3015 737 3078 tcta
752 3015 932 3098 coemptam
955 3021 1046 3096 pater
1058 3013 1218 3095 illiusque
1239 3015 1365 3082 inhabi-

266 3124 339 3180 tare
355 3115 449 3178 solet.
466 3113 580 3178 Vivere
596 3113 648 3176 lric
664 3112 751 3177 tilius
766 3113 862 3178 desiit
876 3113 915 3176 at
930 3113 1036 3177 martii
1052 3113 1132 3176 teat
1148 3113 1231 3193 stylo
1247 3115 1363 3190 veteri,

271 3213 417 3294 adeoque
439 3227 524 3277 auno
541 3211 621 3274 11155
643 3213 726 3292 stylo
749 3229 845 3286 novo,
862 3211 992 3278 condito
1015 3219 1206 3277 testamento
1230 3212 1268 3276 11
1290 3230 1364 3294 sep-

271 3309 405 3376 tembris
434 3311 527 3374 1551.
559 3309 730 3374 studentes
760 3327 818 3375 seu
848 3309 1015 3375 bursarios
1044 3310 1243 3376 Winckelius
1273 3320 1363 3392 pater

270 3409 396 3474 adsumi
412 3401 513 3475 voluit
529 3423 697 3489 pauperes,
715 3407 831 3488 quibus
847 3407 879 3471 in
898 3410 1005 3474 studio
1022 3409 1106 3490 juris
1121 3399 1247 3474 alendis
1266 3411 1361 3495 sebo·-

270 3508 374 3590 lisque
396 3506 622 3572 continuandis
637 3514 788 3586 parentes
803 3508 972 3572 commode
987 3509 1063 3572 dare
1085 3514 1139 3573 aut
1154 3508 1362 3588 suppeditare

267 3623 374 3672 annue
390 3622 453 3670 non
470 3605 607 3686 possint,
624 3621 689 3668 nou
705 3605 897 3670 fornicarios
912 3606 1025 3678 autde'
1037 3605 1251 3672 fornicatione
1267 3607 1361 3672 dilla-

270 3713 454 3782 matas,non
467 3695 615 3769 ebriosos
627 3703 677 3768 vel
690 3703 969 3780 aleatores,aliove
981 3705 1057 3769 ludo
1067 3705 1166 3770 vetito
1176 3705 1361 3771 infatuatos.

268 3795 475 3868 commendat
494 3815 600 3866 autem
622 3817 701 3866 suos
724 3801 996 3884 consanguineos,
1014 3802 1043 3868 si
1068 3803 1123 3884 qui
1139 3802 1221 3879 sint;
1246 3803 1363 3884 nisque
1453 3835 1459 3845 ·

267 3899 502 3976 deficientibus,
519 3899 674 3980 permittit
688 3899 761 3963 aliis
784 3900 824 3966 do
846 3900 994 3981 collegio.
1021 3907 1055 3965 ut
1080 3899 1143 3982 ipsi
1166 3899 1289 3980 eligant
1303 3917 1361 3966 no·

265 4015 352 4064 vum.
369 3999 468 4062 luins
485 4014 562 4064 vero
578 3998 699 4073 statuit,
714 3997 811 4079 qnod,
829 3999 885 4063 «si
900 3999 1017 4080 aliquis
1033 4015 1145 4066 eorum
1156 3998 1359 4066 studentium

266 4109 433 4178 »operam
454 4097 581 4166 dederit
602 4095 755 4161 scientiae
778 4096 973 4178 linguarum,
989 4097 1133 4164 Graecae
1155 4096 1284 4162 scilicet
1305 4108 1360 4164 aut

214 4269 216 4273 .
249 4221 284 4258 ·»
301 4195 489 4272 Hebraicae,
507 4190 558 4260 vel
573 4194 752 4276 poesiseu
769 4195 998 4274 astronomiae,
1021 4195 1073 4262 vcl
1089 4194 1184 4261 alicui
1199 4194 1359 4262 scientiae
