3130 4942
652 445 813 508 ...4:1-

188 604 355 683 l'ommen,
372 623 458 672 anno
474 607 554 671 1616
567 607 618 673 616
635 607 879 689 permutationis
898 620 971 672 curn
987 605 1278 672 16166161666661
1357 631 1358 638 ¹

187 701 230 767 de
248 702 417 770 Granvelle
432 705 533 771 laetus
549 707 725 772 canonicus
744 707 807 772 divi
823 705 960 770 Bavonis
976 704 1126 780 Gandavi,
1144 705 1275 770 1616611

188 799 357 868 Paschatis
378 804 620 884 possessionem
638 805 830 877 6111106111
851 806 870 868 1
886 803 1066 870 decembris
1083 803 1174 866 1666.
1192 804 1277 869 Fun·

187 897 274 964 davit
289 900 406 966 bursas
418 908 485 967 tres
501 901 650 984 61616666,
665 903 839 984 quamlibet
853 901 893 965 16
904 901 1135 978 116666661661,
1149 908 1180 966 61
1195 901 1276 966 duas

188 996 333 1064 minores
356 1017 414 1066 seu
430 999 653 1078 subsidiarias,
669 1001 845 1083 quamlibet
860 999 898 1064 18
913 999 1144 1075 6666666166,
1161 999 1194 1062 16
1209 999 1276 1064 col-

187 1095 275 1178 legio
289 1094 526 1180 theologorum.
543 1099 664 1164 Bursao
683 1099 721 1163 V.

227 1258 440 1325 3811666666
455 1261 491 1325 de
502 1261 659 1337 1161116116,
673 1262 768 1343 volgo
783 1262 1002 1338 1161166616,
1016 1259 1286 1341 Bergevckanus,

184 1357 220 1420 s.
233 1355 270 1419 1.
285 1357 514 1424 baccalaureus
527 1359 694 1437 formatus,
708 1361 886 1441 presbyter,
901 1367 1010 1440 pastor
1021 1357 1160 1440 primum
1176 1357 1285 1423 eccle·
1308 1353 1314 1364 '

186 1455 256 1521 siae
272 1456 445 1523 Goudanae
460 1458 543 1538 apud
558 1459 704 1534 Batavos,
722 1449 833 1540 postea
846 1457 1024 1525 canonicus
1040 1456 1276 1522 Harlebecanus

184 1553 219 1618 in
235 1555 394 1631 Flandria,
412 1563 444 1621 et
459 1556 562 1621 sancti
584 1557 709 1622 Martini
727 1557 760 1620 in
774 1557 905 1632 Rutten‚
922 1556 955 1621 in
979 1555 1082 1637 patria
1104 1553 1276 1619 leodiensi

182 1649 291 1730 (habet
312 1649 443 1728 Rutten,
460 1653 556 1719 hodie
579 1654 720 1730 Russon,
742 1654 803 1719 sub
827 1670 863 1718 66
886 1651 997 1717 Η66661
1018 1651 1052 1714 16
1074 1650 1175 1732 patria
1196 1647 1275 1714 Leo-

185 1749 300 1827 diensi
317 1747 446 1833 collegii
462 1751 686 1834 theologorum
698 1750 829 1818 vaanii
845 1749 1006 1834 quondam
1022 1749 1183 1822 alumnus,
1197 1747 1276 1811 obiit

184 1845 720 1931 1666611116166166666661166
735 1850 768 1913 in
781 1849 846 1913 divi
863 1847 947 1914 Petri
959 1848 999 1912 ad
1015 1847 1114 1912 altare
1129 1845 1276 1911 Nominis

163 1974 169 1984 ·
184 1945 272 2010 Jesu.
286 1945 429 2028 Reliquit
443 1947 634 2013 6611161616
647 1948 845 2014 'florenorum
857 1945 962 2010 Caroli
978 1961 1036 2026 pro
1051 1945 1149 2009 bursa
1164 1953 1197 2008 et
1210 1942 1276 2007 dis·

184 2043 357 2109 tributione
378 2060 484 2110 annua
500 2045 645 2112 facienda
668 2046 752 2112 inter
776 2045 942 2111 studiosos
958 2043 1139 2125 theologiae
1162 2041 1196 2105 in
1211 2041 1275 2105 hoo

184 2142 333 2224 collegio.
348 2143 453 2206 116666
468 2143 498 2207 1.

147 2293 151 2304 “
224 2319 275 2384 311.
299 2323 437 2387 16116661
462 2325 831 2405 1166661666111616666
859 2324 1006 2401 Flava-der,
1037 2324 1069 2388 S.
1096 2323 1132 2386 T.
1160 2323 1274 2387 doctor

134 2502 141 2516 ‚
183 2435 301 2502 regens
327 2429 359 2486 et
380 2423 558 2506 professor,
583 2439 621 2489 66
643 2424 847 2505 praepositus
870 2423 987 2489 beatae
1006 2422 1124 2486 11166166
1144 2421 1272 2485 Walcu-

183 2517 303 2584 ricnsis
325 2519 358 2582 16
381 2520 546 2601 666616616
567 2521 790 2596 Namurcensi,
807 2521 861 2602 qui
883 2521 963 2586 obiit
975 2521 1001 2582 -7
1018 2519 1170 2586 1611666611
1191 2519 1272 2581 toth

183 2617 265 2698 stylo
282 2633 379 2706 novo,
396 2618 540 2683 fundavit
554 2619 685 2684 bursam
702 2636 797 2684 unam
813 2620 852 2685 66
867 2615 1064 2686 florenorum
1080 2603 1113 2682 16
1135 2617 1272 2698 collegio

180 2716 406 2797 theologorum
422 2716 545 2798 maiori.
558 2720 662 2782 Burro
676 2713 707 2782 1.

110 2957 117 2970 ·
222 2879 275 2944 10.
299 2881 437 2947 ludecen
450 2883 632 2962 Boorpcois,
649 2881 823 2962 Angianus,
841 2881 873 2946 S.
890 2879 927 2945 T.
944 2880 1126 2946 licentiatus
1148 2887 1180 2944 et
1199 2896 1272 2960 pas·-

182 2986 234 3044 166
259 2979 445 3056 Goudanus,
469 2979 520 3043 vir
545 2979 673 3054 doctus,
697 2979 770 3060 pius
792 2987 824 3044 et
846 2978 1003 3054 amabilis,
1027 2977 1107 3042 obiit
1129 2978 1169 3041 16
1187 2975 1271 3058 junii

181 3076 273 3152 1511,
292 3075 485 3142 6616116190.
502 3076 642 3158 Reliquit
657 3076 716 3140 too
731 3077 874 3142 11666666
890 3075 1078 3140 Rhenenses
1094 3070 1195 3139 semel
1210 3091 1269 3154 pro

180 3175 402 3264 anniversario
414 3192 474 3241 suo
489 3175 522 3238 16
538 3175 675 3256 collegio
688 3175 812 3256 majori.
830 3175 943 3240 Pastor
955 3173 1096 3238 existens
1113 3167 1269 3237 acerrime
1361 3244 1363 3248 ,

179 3273 268 3351 61116,
285 3273 458 3354 praecipue
472 3273 563 3350 61661,
577 3275 804 3339 166661666166.
818 3273 972 3338 Martinus
988 3273 1162 3336 Duncanus
1178 3271 1269 3336 libel-

163 3370 288 3436 Ι166161
303 3360 511 3453 nuncupavit.
529 3371 624 3437 Morti
640 3373 816 3453 proximus,
834 3373 913 3438 61616
927 3370 1154 3436 consularibus
1169 3370 1216 3460 ¹ad
1232 3386 1268 3434 sc

179 3470 314 3548 vocatis,
332 3470 447 3535 avitam
464 3469 1103 3553 116666666666611.11111ςί6666661
1120 3475 1268 3534 sanctum

178 3568 335 3634 loannem
364 3569 514 3645 Goudae,
545 3569 653 3634 divum
683 3569 785 3650 ipsius
814 3570 1000 3657 tutelarem,
1031 3567 1200 3649 prostrati,
1233 3565 1267 3629 in

178 3674 293 3747 quanto
309 3666 511 3732 eminentiori
527 3667 617 3732 chori
632 3668 716 3734 vitro
732 3667 771 3732 ad
787 3667 928 3742 boream,
943 3667 1030 3749 quod
1042 3666 1132 3731 61666
1147 3663 1271 3754 affabre

178 3762 249 3829 heri
271 3772 453 3843 curaverat,
476 3765 554 3831 olim
574 3765 747 3830 visebatur.
773 3765 812 3829 ln
836 3767 932 3831 16666
957 3765 1073 3845 166166,
1097 3762 1159 3828 suh
1183 3762 1267 3828 vitro

177 3861 252 3938 hoc,
269 3859 310 3927 ad
328 3863 491 3928 dexteram
512 3864 628 3928 summi
652 3863 762 3928 altaris
777 3864 954 3939 conditum,
972 3862 1079 3927 rabies
1101 3861 1266 3926 insanien-

177 3959 270 4038 tium,
283 3968 357 4026 cuni
373 3961 486 4027 civitas
500 3962 653 4027 Gondana
667 3977 751 4027 anno
764 3963 983 4044 subsequente
994 3960 1164 4025 Aurisiaco
1180 3959 1265 4042 prin-

176 4059 243 4142 cipi
258 4061 442 4138 dederetur,
454 4067 542 4127 tanta
558 4061 671 4127 saeviit
682 4061 925 4136 inhumanitate,
943 4069 977 4126 ut
992 4061 1032 4126 ad
1048 4061 1170 4126 1666666
1185 4058 1264 4123 illud

125 4151 127 4158 ’
178 4158 401 4237 protraxisset,
420 4159 482 4224 nisi
497 4167 629 4226 senatus
652 4161 827 4226 auctoritas
842 4160 964 4226 rabiem
986 4159 1142 4226 stetisset.
1159 4157 1262 4222 Vide:
