3036 4946
760 478 946 542 -all-

309 668 377 716 nus
395 653 542 716 testator
567 648 663 732 eupit
689 647 751 714 sub
770 648 929 734 inopine
952 650 1094 713 sanetae
1120 645 1262 728 Annae,
1281 665 1391 730 supro
1502 631 1504 648 ’

310 764 593 850 metuendumne
614 781 700 830 sune
723 764 761 829 in
787 782 890 830 muro
916 763 1094 844 collocata,
1111 763 1199 847 poni
1216 757 1331 828 lamen
1350 781 1395 828 en

311 905 396 952 aere
423 905 486 952 seu
516 903 625 969 cupro
656 886 695 951 in
721 885 840 951 eodem
867 902 983 965 muru,
1012 889 1044 950 et
1069 884 1183 968 sculpi
1212 879 1250 949 in
1276 883 1394 950 eodem

311 1000 443 1067 lumine
467 1001 610 1085 annonis
637 999 764 1066 litteris
791 999 877 1065 baec
894 997 1000 1065 uerba
1018 999 1197 1081 sequentia
1228 1027 1237 1064 :
1264 992 1394 1066 Comb-

313 1133 405 1182 nrou
423 1133 461 1182 ru
479 1132 655 1182 uouoauu
674 1131 831 1182 annornm
857 1109 988 1181 Auula
1011 1132 1209 1182 uuunnruu
1226 1132 1271 1181 ur
1288 1131 1394 1181 nnnc*

313 1249 387 1298 uuu
404 1247 475 1297 ran
490 1247 658 1297 dommum
676 1248 719 1296 ur
736 1247 949 1297 unorsrnuu
966 1226 1001 1298 N
1003 1246 1163 1296 roounuu
1182 1223 1340 1296 Gonnus.

363 1341 414 1412 Le
431 1339 566 1434 college
593 1339 679 1411 eluit
698 1340 794 1411 aussi
812 1363 927 1411 eonnu
947 1363 1030 1411 sous
1047 1339 1081 1411 le
1106 1363 1187 1410 nom
1206 1339 1250 1410 de
1268 1343 1396 1429 eolldye

312 1460 356 1526 de
373 1461 527 1541 Numan,
549 1453 693 1526 d'abord
719 1477 826 1549 parce
849 1478 916 1549 que
932 1453 967 1526 le
984 1454 1173 1526 fondateur
1198 1453 1285 1526 eluit
1311 1457 1394 1526 ndi

314 1569 531 1664 Bourignes
552 1569 636 1642 ville
653 1569 714 1664 qui
731 1569 850 1642 feisait
868 1570 983 1664 partie
1002 1569 1049 1641 du
1068 1592 1156 1664 pays
1175 1570 1218 1640 de
1242 1569 1394 1651 Nemur,

315 1691 349 1756 et
367 1682 504 1755 ensuite
523 1707 626 1778 parce
645 1707 725 1778 que,
746 1683 860 1777 parmi
878 1684 930 1756 les
949 1683 1089 1777 appeles
1108 1687 1129 1754 a
1146 1683 1182 1754 la
1197 1681 1399 1777 jouissance

316 1801 378 1871 des
395 1800 556 1884 bourseS,
578 1799 733 1893 figurent
750 1798 802 1871 les
818 1799 943 1892 jeunes
961 1823 1049 1893 gens
1062 1799 1111 1871 de
1128 1799 1280 1870 Namur.

362 1915 432 1986 Les
450 1914 629 1986 etudiants
647 1913 835 2010 pouvaient
850 1915 1052 2010 frequenter
1070 1914 1122 1985 les
1143 1937 1246 1986 cours
1266 1915 1337 1985 soit
1356 1913 1397 1985 de

316 2029 539 2123 philosophie
557 2053 602 2100 au
620 2029 755 2123 college
773 2030 817 2101 de
838 2029 1056 2115 Stendonek‚
1078 2029 1294 2100 dest-adire
1324 2032 1344 2099 a
1368 2021 1401 2098 la

247 2180 250 2188 ·
273 2141 274 2144 ’
317 2145 514 2238 pedagogie
533 2144 580 2214 du
599 2143 705 2228 Poro,
722 2144 790 2215 soit
803 2144 851 2232 ,de
864 2143 1043 2238 theologie
1061 2167 1106 2215 ou
1125 2144 1167 2214 do
1187 2143 1279 2215 droit
1296 2165 1399 2214 oeno·

318 2260 429 2354 nique
442 2266 476 2330 ot
494 2259 575 2331 civil
593 2282 663 2331 aux
680 2257 806 2332 halles.

483 2539 649 2599 Cotbbdlull
672 2551 798 2598 sabellis
819 2537 922 2598 Autan
944 2551 999 2598 VEL
1021 2533 1231 2598 NAMURCENSE.

358 2713 534 2796 Collegium
549 2716 611 2780 boo
627 2722 758 2780 sanetae
780 2714 890 2780 Annae
905 2714 1042 2780 instituit
1056 2713 1250 2781 venerabilis
1272 2713 1324 2778 vir
1348 2713 1401 2779 Ni-

317 2813 428 2878 oolaus
444 2813 568 2889 Goblet‚
585 2812 801 2889 Boviniensis,
826 2812 909 2894 juris
925 2813 1079 2894 pontificii
1095 2812 1290 2888 licentiatus,
1310 2829 1400 2894 pres·

315 2910 407 2992 byter
417 2918 448 2976 et
460 2911 662 2993 praepositus
675 2910 914 2987 bionantensis,
924 2910 1053 2976 Lovanii
1066 2910 1400 2986 residens,admissus

315 3009 355 3073 ad
378 3010 549 3075 concilium
564 3007 789 3074 Universitatis
805 3007 844 3070 tl
868 3008 1019 3074 februarii
1038 3008 1127 3072 1535.
1145 3008 1229 3072 Obiit
1249 3008 1399 3073 lundator

315 3107 447 3173 Lovanii
473 3109 512 3172 l3
533 3108 603 3190 julii
629 3107 726 3181 15533
750 3107 897 3189 sepultus
923 3107 1007 3189 apud
1032 3105 1173 3172 Minores
1199 3115 1273 3172 ante
1301 3107 1401 3172 altare

315 3207 582 3272 sanotaebnnae.
845 3267 846 3271 ,

356 3304 498 3386 collegio
509 3303 585 3369 huie
597 3320 713 3368 nomeu
722 3303 797 3368 lecit
809 3303 841 3367 in
850 3303 953 3368 divam
965 3305 1087 3368 Annam
1096 3304 1197 3385 pietas
1207 3303 1399 3375 fundatoris

315 3403 370 3486 qni
386 3403 481 3469 etiam
496 3403 597 3470 voluit
612 3401 756 3484 ejusden
772 3414 902 3468 sanotae
924 3403 1095 3484 imaginem
1117 3413 1229 3484 portae
1244 3402 1401 3483 superim-

317 3502 404 3583 poni.
428 3502 529 3567 Aliter
544 3502 640 3568 etiam
656 3501 717 3566 sub
734 3500 862 3566 nomine
881 3502 998 3583 oollepil
1012 3504 1234 3568 Nomnrnensis
1249 3499 1400 3573 innotuit,

314 3600 452 3682 eoquod
468 3600 561 3666 loeus
591 3599 765 3664 nativitatis
790 3598 969 3664 fundatoris
996 3599 1161 3665 comitatui
1188 3599 1401 3664 Namuroensi

317 3698 433 3775 subsit,
464 3706 531 3763 tum
554 3698 639 3780 quod
669 3698 707 3763 ad
737 3699 819 3762 bano
848 3715 938 3764 suam
959 3698 1177 3764 fundationem
1202 3707 1276 3779 post
1306 3695 1400 3764 Bovi-

317 3797 448 3862 nienses
463 3805 619 3863 vocentur
633 3798 881 3864 Namuroenses.

318 3937 327 3950 -
357 3893 489 3960 Constat
504 3895 673 3978 collegium
688 3897 751 3961 hoo
765 3913 804 3962 ex
819 3891 982 3962 voluntate
998 3895 1177 3962 fundatoris
1202 3896 1355 3976 praeside
1370 3901 1402 3960 et

317 3993 429 4059 decern
445 3994 583 4060 alumnis
599 4012 656 4061 seu
672 3994 830 4061 studiosis
852 3995 920 4063 sive
943 3994 1114 4071 burseriis,
1140 3994 1307 4076 designato
1335 3993 1401 4059 sin-

316 4091 401 4172 gulis
414 4091 559 4158 subsidio
575 4093 695 4175 aliquo.

358 4191 501 4257 Bursarii
532 4191 609 4258 dare
638 4208 767 4274 operam
794 4191 995 4274 eloquentiae
1017 4191 1136 4269 studio,
1161 4198 1214 4258 aut
1237 4191 1301 4273 jam
1327 4197 1401 4254 ante
