3014 4946
596 424 781 488 -309-

481 731 650 795 Coniectum
674 736 880 800 Carantonus.

179 948 302 1012 Abhinc
318 945 429 1027 paucis
445 945 549 1017 annis,
566 944 716 1010 videlicet
729 945 762 1032 ln
779 961 861 1008 anno
879 941 970 1018 tnta,
986 960 1042 1023 per
1057 944 1219 1008 dominum

142 1055 171 1110 et
191 1046 378 1127 magistrum
401 1044 585 1108 Marcellum
611 1043 871 1118 craenendonok,
895 1042 1095 1122 capellanum
1118 1043 1221 1107 eccle-

142 1141 203 1208 sia‘e
215 1145 316 1208 sancti
330 1143 414 1208 Petri
426 1143 647 1216 lovaniensis,
657 1142 689 1205 iu
702 1141 817 1206 vicinia
828 1139 905 1204 dicti
918 1139 1104 1221 paedagogii
1117 1141 1220 1216 Porci,

142 1259 196 1322 pro
211 1251 349 1324 qrratuor
364 1241 526 1306 burseriis
536 1241 569 1302 in
591 1241 713 1305 artibus
730 1239 934 1308 studentibus
950 1246 981 1313 et
996 1255 1059 1304 uno
1076 1239 1222 1320 praeside
1297 1292 1304 1313 t
1373 1285 1376 1292 ‚

19 1369 21 1376 ·
140 1358 173 1406 ac
188 1341 316 1415 famula,
334 1341 366 1403 in
388 1340 543 1404 honorem
560 1339 706 1419 Quinque
724 1338 895 1402 Vulnerum
918 1337 1035 1401 Christi
1057 1337 1221 1402 fundatum

140 1447 185 1504 est
206 1440 377 1520 collegium
401 1439 495 1519 vulgo
524 1447 741 1516 nuncupatum
765 1437 936 1518 collegium
959 1434 1220 1500 Craenerrdonck.

98 1563 101 1570 ·
140 1536 292 1619 acquod
317 1545 446 1616 praeter
472 1535 587 1600 dictam
611 1552 702 1600 suam
725 1535 854 1599 domum
877 1533 1005 1614 reliquit
1027 1533 1059 1597 in
1084 1534 1222 1600 diversis

89 1619 93 1638 '
140 1635 293 1700 reditibus
309 1637 465 1699 ducentos
482 1635 625 1698 florenos
648 1624 784 1708 annuosss
803 1649 928 1698 necnon
951 1649 1046 1696 unam
1067 1633 1174 1696 villam
1189 1633 1222 1696 in

139 1751 216 1815 pago
232 1736 273 1798 de
290 1735 441 1798 Bossuto.

178 1833 268 1905 Quod
285 1833 324 1896 ad
341 1833 491 1898 ellectum
506 1817 695 1912 perductum
712 1832 850 1899 similem
866 1830 1138 1912 perturbationem
1153 1847 1221 1910 per
1340 1855 1341 1862 1

141 1947 270 2010 pessum
294 1939 342 1996 est
369 1931 454 1995 dicto
477 1947 561 1994 anno
586 1931 676 2006 1578,
694 1948 730 1995 ex
753 1949 815 2012 quo
838 1939 982 2012 tempore
1002 1930 1079 1993 nulli
1096 1931 1223 1994 luerunt

85 2071 87 2075 ψ
139 2029 275 2094 bursarii
289 2039 421 2110 propter
433 2029 592 2094 defectum
605 2029 776 2094 solutionis
790 2029 949 2094 redituum
961 2037 993 2092 et
1008 2027 1222 2114 desertionem

137 2127 240 2192 dietae
264 2129 370 2202 villae,
396 2127 466 2192 solo
489 2128 638 2208 praeside
659 2129 692 2190 in
715 2129 800 2192 dicto
823 2127 959 2208 collegio
983 2135 1142 2202 manente,
1166 2142 1222 2205 per

79 2275 82 2284 .
135 2243 227 2306 quem
246 2228 362 2291 domus
379 2227 458 2290 satis
470 2227 594 2308 integra
610 2235 798 2292 conservata
811 2234 872 2304 est,
887 2227 944 2291 sed
959 2226 1019 2290 sub
1031 2224 1221 2306 gravissimo

136 2341 232 2390 onere
250 2325 400 2388 militaris
416 2325 653 2406 hospitationis‚
671 2342 752 2406 quae
768 2325 921 2406 quidquid
944 2324 1133 2405 praesidens
1148 2338 1220 2403 per-

134 2423 240 2504 cipere
258 2416 360 2503 notuit
378 2432 478 2488 totum
495 2425 676 2504 etamplius
692 2424 882 2505 absumpsit.

173 2523 324 2603 Ejusdem
341 2523 468 2604 collegii
485 2523 673 2602 praesidens
694 2523 752 2587 fuit
774 2533 803 2587 et
826 2532 875 2587 est
891 2523 1041 2586 dominus
1057 2529 1088 2585 et
1105 2521 1220 2602 magis-

129 2627 176 2684 ter
191 2623 331 2686 loannes
348 2623 405 2686 der
422 2623 596 2704 Kinderen,
611 2622 825 2686 scholasticus
841 2621 999 2686 ecclesiae
1015 2619 1117 2684 sancti
1134 2619 1218 2683 Petri

130 2718 353 2784 Lovzrniensis.

170 2818 362 2883 Provisores
386 2817 529 2898 eJusdem
552 2818 679 2900 collegii
704 2825 790 2894 sunt,
814 2835 831 2882 a
854 2811 1022 2882 fundatore
1039 2815 1215 2890 constituti,

128 2917 423 2981 reverendissimus
440 2917 589 2981 dominus
605 2917 703 2981 abbas
718 2917 886 2982 Parcensis
902 2925 932 2981 ct
949 2925 1038 2998 pater
1056 2914 1216 2996 Bogardo·

19 3091 20 3110 χ
128 3031 199 3079 rum
216 3015 476 3080 Lovaniensium.

168 3115 382 3194 Recuperatis
398 3114 562 3195 arriragiis
582 3115 739 3179 dictorum
761 3113 921 3179 redituum
938 3122 968 3178 et
984 3113 1132 3178 restituta
1148 3112 1216 3176 die·

125 3219 175 3278 tae
192 3215 289 3278 villae
305 3213 441 3289 cultura,
459 3214 562 3277 facilis
579 3215 640 3278 crit
655 3213 800 3294 ejusdem
812 3213 944 3296 'collegii
959 3213 1133 3277 restitutio.

162 3345 306 3426 (Emtrclt
321 3345 362 3406 dc
378 3351 505 3426 rapport
519 3362 573 3406 sacr
588 3343 668 3406 l’ttat
679 3345 734 3434 ,dcc
750 3345 875 3424 colldpes
898 3344 935 3406 dc
957 3343 1150 3407 l'Unr'cersitc'
1172 3343 1209 3404 de

125 3444 269 3506 Leucata
285 3461 323 3506 eo
339 3442 442 3522 1589).

164 3638 331 3702 Fundator
346 3639 442 3719 hujus
458 3646 507 3704 est
522 3640 692 3705 Marcelius
709 3641 749 3707 de
764 3641 983 3714 Craendonck,
1002 3657 1040 3704 ex
1054 3622 1212 3720 longelre

121 3737 186 3817 (qui
204 3737 376 3802 Pelandiae
391 3739 483 3802 vicus
500 3747 549 3802 est
571 3740 610 3802 ad
633 3741 770 3820 primum
796 3740 834 3804 ab
858 3740 1043 3820 Eyndhovia
1066 3739 1213 3818 lapidem

120 3837 302 3915 presbyter,
320 3853 433 3900 sacrae
451 3837 630 3919 theologiae
645 3839 884 3915 baccalaureus,
899 3846 930 3903 ct
946 3839 984 3902 ad
1001 3839 1109 3902 divum
1124 3841 1214 3901 Jaco-

119 3936 197 4000 bum
216 3936 346 4000 Lovanii
363 3937 552 4001 canonicus.
1038 4009 1040 4014 ,

161 4035 196 4098 ls
225 4043 415 4101 testamento
442 4053 513 4112 suc,
539 4051 632 4100 manu
661 4037 789 4118 propria
812 4037 934 4117 scripto
956 4038 995 4100 ab
1018 4036 1156 4118 augusti,
1183 4045 1213 4100 et

121 4133 349 4215 superscripto
366 4135 401 4197 ll
420 4135 601 4216 decembris
618 4134 762 4215 eiusdem
779 4136 854 4200 anni
868 4136 943 4200 lbll
963 4152 1071 4200 coram
1089 4134 1212 4201 notario
