3014 4946
709 403 940 507 '-aeo-

346 683 402 766 15.
423 681 598 756 Connbau
615 706 663 755 nn
680 683 860 770 D1vnnus,
882 707 941 758 nm
959 705 1059 757 nuss1
1077 707 1124 756 nu
1141 671 1358 759 Bnuxnnnes.

368 898 414 970 Oe
432 897 579 992 college,
602 899 692 970 situe
712 922 772 970 sur
798 899 834 970 la
857 908 1046 988 monterone
1070 871 1383 988 Sciat-Anteium

316 1019 371 1084 ete
398 1012 489 1084 ainsi
516 1012 638 1108 appele
665 1013 711 1084 d'u
739 1035 820 1083 nom
845 1013 889 1083 de
920 1035 984 1084 son
1011 1013 1197 1084 fondateur
1227 1013 1384 1110 Gregoire

316 1129 396 1200 Van
423 1126 548 1213 Diove,
579 1127 622 1199 de
649 1127 846 1198 Bruxelles
879 1127 910 1198 Il
937 1151 959 1199 a
984 1134 1039 1200 ete
1069 1151 1182 1199 oonnu
1201 1130 1385 1225 egalement

206 1299 210 1305 .
318 1266 400 1315 sous
430 1244 464 1315 le
494 1266 575 1314 nom
602 1243 646 1314 de
672 1243 806 1337 college
831 1245 878 1343 de
892 1243 1090 1329 BruxelleS,
1112 1266 1218 1338 parce
1249 1245 1383 1339 quoles

254 1430 257 1436 .
312 1361 439 1454 jeunes
465 1382 552 1453 gens
579 1366 642 1431 nes
669 1360 757 1430 dans
783 1367 873 1431 cette
891 1359 973 1430 ville
1001 1360 1131 1431 etaient
1157 1361 1298 1453 appeles
1322 1361 1385 1432 ilo

311 1475 514 1567 jouissance
532 1474 594 1545 des
613 1475 760 1545 bourses
779 1479 883 1568 apres
901 1473 953 1545 les
971 1482 1116 1568 parents
1131 1475 1177 1546 du
1198 1475 1384 1547 fondateur.

247 1683 248 1686 Ἴ
366 1587 434 1660 Les
453 1589 631 1660 etudiants
643 1588 825 1662 ¹suivaient
842 1588 894 1659 les
914 1611 1018 1660 cours
1036 1589 1081 1661 de
1097 1587 1286 1684 theologie.

705 1847 872 1911 Gotuueruu
894 1847 1011 1913 Divum.

358 2023 491 2090 Obvenit
512 2024 653 2089 facultati
675 2024 856 2107 theologiae
878 2024 910 2088 in
933 2041 1018 2089 anno
1039 2025 1131 2102 1576,
1148 2043 1187 2090 ex
1205 2033 1387 2094 testamento

316 2122 461 2204 Gregorii
491 2121 612 2198 Divaei,
641 2123 857 2188 adolescentis
886 2123 1106 2200 Louanieusis,
1138 2125 1309 2205 collegium
1336 2142 1388 2207 pro

300 2239 303 2243 ·
317 2221 464 2286 undecim
477 2221 634 2286 studiosis
646 2237 757 2287 sacrae
769 2222 961 2304 theologiae,
975 2223 1089 2303 partim
1105 2241 1144 2288 ex
1156 2241 1216 2288 sno
1228 2225 1387 2306 sauguine,

315 2321 430 2400 partim
452 2320 727 2396 Bruxellensibus,
744 2321 858 2401 partim
882 2321 1147 2398 lovaniensibus,
1163 2338 1236 2386 cum
1260 2341 1323 2390 uno
1342 2341 1388 2388 re-

313 2427 408 2502 gente
423 2427 455 2484 et
476 2420 603 2484 famula.
621 2421 682 2485 Pro
705 2437 841 2502 quorum
864 2421 1097 2487 sustentatione
1118 2422 1235 2502 legavit
1257 2423 1387 2504 primurn

313 2535 404 2584 suam
416 2519 546 2583 domum
559 2518 642 2598 apud
655 2519 810 2598 capellam
823 2518 1013 2583 elericorum
1027 2521 1084 2598 (l);
1099 2519 1133 2610 in
1145 2537 1206 2602 qua
1218 2521 1319 2586 voluit
1333 2522 1389 2585 boc

312 2619 483 2700 collegium
499 2619 578 2700 erigi
593 2628 625 2684 et
640 2618 776 2695 institui,
794 2627 825 2684 et
840 2620 926 2683 illam
942 2621 1034 2702 plena
1051 2622 1251 2702 supellectile
1267 2617 1388 2687 instrui.

313 2716 368 2782 Cui
395 2718 434 2781 ad
460 2717 613 2798 majorem
643 2719 883 2799 amplitudinem
913 2721 1013 2784 voluit
1041 2722 1219 2801 comparari
1246 2733 1278 2788 et
1303 2714 1387 2798 adjici

311 2816 455 2897 proxime
471 2817 516 2878 illi
533 2816 731 2898 adjacentem
747 2818 888 2892 domum,
906 2826 938 2884 et
954 2820 1088 2885 ulterius
1103 2820 1136 2883 in
1152 2822 1268 2887 annuis
1284 2815 1386 2886 rediti-

310 2914 371 2979 bus
393 2914 508 2996 legavit
531 2915 733 2995 octingentos
759 2915 901 2981 florenos
924 2934 1049 2982 annuos
1071 2935 1109 2984 ex
1131 2919 1262 3000 optimis
1287 2917 1386 2989 bonis,

311 3029 391 3094 quae
413 3013 585 3079 relicturus
612 3022 698 3078 esset
724 3014 762 3078 ad
786 3015 1013 3080 discretionem
1037 3025 1257 3095 executorum,
1280 3019 1387 3083 voleus

310 3111 406 3191 quod,
425 3128 464 3176 eo
487 3119 627 3188 mortuo,
644 3113 815 3178 bursarum
838 3115 1023 3180 intertentio
1045 3123 1113 3180 toto
1136 3114 1385 3198 quadriennium

310 3226 470 3291 suspenso
496 3210 682 3289 retineatur,
700 3228 734 3276 ea
759 3213 910 3278 nimirum
932 3214 1135 3295 cogitatione,
1155 3225 1188 3280 ut
1211 3233 1249 3281 ex
1270 3217 1386 3280 interea

308 3308 481 3373 reddendis
497 3309 653 3374 fructibus
668 3310 708 3374 de
725 3319 831 3391 parata
847 3313 982 3392 pecunia
1005 3313 1140 3394 collegio
1156 3314 1385 3395 provideretur,

309 3409 463 3470 mandans
487 3408 555 3471 suis
578 3408 817 3484 executoribus,
843 3419 875 3474 ut
898 3410 975 3476 dicti
997 3411 1124 3494 collegii
1148 3429 1206 3478 seu
1232 3413 1386 3477 bonorum

307 3503 449 3585 ciusdem
463 3505 737 3570 amortizatiouem
750 3507 782 3571 iu
795 3509 883 3572 curia
895 3509 1086 3575 obtinerent.
1095 3509 1182 3585 Quae
1193 3507 1387 3575 amortisatio

307 3602 424 3668 abhinc
439 3619 503 3668 uuo
526 3621 610 3669 auno
634 3604 772 3686 primum
794 3606 923 3672 obtenta
945 3617 994 3672 est
1017 3607 1165 3672 maximis
1180 3608 1344 3673 laboribus
1358 3613 1387 3669 et

305 3702 496 3782 sumptibus.

347 3799 407 3865 Per
425 3817 613 3866 communes
635 3801 839 3868 difficultates
860 3803 975 3868 horum
998 3812 1177 3886 temporum
1200 3821 1264 3870 non
1286 3773 1389 3885 poluit

306 3898 461 3964 hactenus
484 3900 655 3982 collegium
679 3901 718 3966 ad
736 3900 885 3967 effectum
900 3903 1032 3984 perduci
1055 3913 1108 3970 aut
1130 3905 1227 3986 aliqui
1250 3897 1386 3968 bursarii

340 4130 381 4201 tl)
401 4127 579 4202 Aujuurd'hui
593 4129 618 4186 la
632 4129 752 4202 chapelle
765 4131 798 4189 de
811 4132 1023 4191 baini-Autome.
1055 4159 1057 4166 ·

1478 673 1481 810 t
