3036 4946
720 444 904 543 ffasl-

272 597 356 678 quod
374 595 470 658 multa
485 595 556 658 alin.
571 594 734 658 Familiam
750 593 873 658 interea
888 592 966 658 aluit
978 610 1050 658 cum
1067 593 1223 660 bursariis
1236 604 1266 660 ct
1282 597 1355 662 aliis

272 693 510 760 convictoribus
526 693 668 774 periculo
684 702 715 757 et
738 691 908 756 commodo
923 691 1000 756 dicti
1015 691 1160 774 collegii;
1177 703 1209 758 et
1225 711 1282 776 pro
1298 696 1356 760 sti-

272 793 387 874 pendio
403 792 499 865 habet
514 791 714 872 septuaginta
730 792 813 856 duos
829 789 972 856 florenos
996 806 1121 856 annuos
1141 791 1230 872 juxta
1245 793 1354 875 dispo-

271 893 418 957 sitionem
435 888 626 954 fundatoris.

311 991 522 1070 Receptorem
548 1005 676 1069 quoquc
698 988 792 1052 babet
815 987 876 1052 hoc
898 987 1082 1069 collegium,
1108 988 1162 1070 qui
1186 989 1299 1054 unicus
1322 991 1356 1054 in

269 1089 431 1171 praesenti
459 1095 508 1154 cst
533 1097 565 1152 et
591 1086 698 1150 multis
724 1087 817 1150 antris
844 1085 1120 1168 fuitlludolphus
1144 1087 1269 1152 Martini
1294 1090 1354 1154 sub

270 1188 429 1269 stipendio
445 1187 673 1268 quinquaginta
690 1186 898 1250 florenorum.
917 1184 976 1258 Qui
993 1195 1154 1266 receptor,
1173 1195 1206 1251 ut
1222 1184 1253 1252 et
1268 1205 1355 1269 prae-

270 1289 391 1359 sidens,
406 1287 445 1350 de
458 1283 605 1349 omnibus
618 1283 885 1362 praecedentibus
897 1283 990 1346 annis
1002 1284 1143 1349 rationes
1156 1302 1232 1350 suas
1244 1303 1353 1351 coram

270 1385 491 1468 provisoribus
507 1383 713 1448 reddiderunt
735 1389 766 1445 et
788 1381 1029 1446 concluserunt.
1047 1383 1092 1445 Ex
1114 1401 1250 1464 quorum
1274 1402 1354 1450 con-

269 1485 414 1550 clusione
435 1489 561 1548 constat
582 1482 646 1546 illis
662 1481 759 1544 multa
782 1498 819 1546 ex
842 1489 1050 1562 praeerogata
1072 1483 1206 1562 pecunia
1228 1485 1352 1550 deberi.

268 1587 355 1659 Quae
370 1582 475 1647 debita
492 1581 581 1661 prius
598 1579 717 1660 majora
733 1579 873 1653 fuerunt,
893 1579 951 1643 sed
969 1580 1102 1643 multum
1125 1581 1280 1646 diminuta
1297 1600 1355 1663 per

269 1680 482 1748 cessationem
499 1677 699 1742 educationis
715 1677 948 1741 bursariorum.

311 1780 419 1854 Villae,
434 1777 522 1842 fundi
538 1789 569 1842 et
584 1776 651 1859 agri
666 1776 743 1840 dicti
760 1776 886 1856 collegii
900 1777 939 1840 ab
951 1776 1041 1842 initio
1057 1778 1156 1844 libera
1169 1787 1274 1860 empta
1287 1798 1352 1846 nou

269 1880 410 1952 fuorunt,
429 1878 485 1940 sed
505 1884 632 1957 gravata
656 1875 764 1940 mullis
787 1875 902 1940 annuis
924 1875 1081 1941 reditibus
1104 1879 1301 1957 pecuniariis
1324 1890 1356 1944 et

268 1975 495 2048 frumentariis,
514 1974 663 2054 paulatim
679 1973 877 2038 redimendis
894 1990 952 2038 seu
969 1974 1185 2054 decollandis,
1203 1975 1355 2041 videlicet

268 2076 299 2138 in
316 2074 449 2156 pecunia
465 2073 603 2168 tercenti
621 2072 752 2154 triginta
769 2080 893 2152 septem
917 2071 1031 2136 floreni
1052 2073 1160 2148 annui,
1178 2081 1210 2138 et
1231 2074 1265 2138 in
1287 2076 1357 2140 fru-

268 2181 376 2238 mento
398 2171 638 2254 quatuordecim
665 2171 763 2236 modii
787 2171 925 2252 siliginis
951 2179 983 2236 et
1005 2173 1141 2236 aliorum
1165 2189 1352 2254 granorum.

268 2273 408 2348 Quorum
425 2287 558 2335 onerum
575 2270 838 2350 deponendorum
854 2277 887 2335 ct
902 2269 1056 2350 majorem
1070 2271 1166 2334 etiam
1182 2288 1353 2336 uulnerum

268 2370 489 2434 bursariorum
505 2369 771 2433 assumendorum
787 2369 871 2432 bona
893 2377 981 2432 esset
1002 2369 1132 2434 occasio
1148 2379 1178 2434 et
1194 2377 1352 2451 potestas,

268 2473 296 2534 si
313 2476 493 2550 supratacta
513 2468 723 2532 exorbitantia
746 2467 899 2548 arriragia
915 2469 1178 2546 exsolverentur;
1195 2469 1265 2534 sinc
1281 2471 1354 2551 qui-

268 2570 328 2633 bus
355 2567 524 2632 difficulter
546 2567 716 2648 collegium
739 2567 844 2630 adhuc
869 2567 1019 2647 illiusque
1041 2567 1135 2631 villae
1162 2577 1193 2632 et
1217 2569 1285 2650 agri
1311 2571 1353 2632 ad

268 2667 425 2732 culturam
451 2665 576 2730 restitui
599 2671 762 2745 poterunt,
786 2673 818 2729 et
840 2665 871 2727 id
895 2665 1022 2746 quidem
1046 2666 1150 2729 adbuc
1172 2684 1236 2731 non
1260 2668 1353 2748 prius

267 2783 362 2847 qoam
376 2766 503 2830 licentia
519 2764 665 2828 militaris
680 2763 741 2828 erit
755 2765 933 2828 refraenata
948 2773 980 2829 et
995 2765 1212 2830 exorbitantes
1228 2768 1352 2832 contri·

266 2865 414 2929 buliones
430 2865 613 2928 cessabunt.

308 2964 410 3046 Hujus
433 2963 559 3044 collegii
586 2963 734 3043 provisor
760 2971 792 3026 et
816 2962 963 3027 visitator
989 2973 1038 3027 est
1063 2963 1179 3028 unicus
1204 2972 1237 3029 et
1258 2965 1350 3030 solus

267 3064 416 3128 domiuus
433 3071 465 3126 et
480 3063 632 3143 magister
647 3061 781 3125 Michabl
798 3061 839 3125 du
857 3062 931 3143 Ray,
949 3078 1061 3126 sacrae
1077 3062 1257 3144 theologiae
1273 3080 1350 3144 pro-

266 3162 379 3234 fessor,
397 3162 486 3226 solus
502 3167 668 3240 superstes
684 3177 723 3224 ex
739 3159 963 3224 executoribus
986 3159 1168 3224 testamenti
1182 3161 1259 3225 dicti
1276 3163 1348 3225 fun-

266 3261 401 3333 datoris,
429 3269 460 3324 ot
485 3259 575 3323 solus
601 3259 672 3324 erit.
696 3259 846 3338 quamdiu
875 3257 1046 3336 supererit.
1069 3257 1178 3338 quue
1205 3267 1347 3328 mortuo.

264 3358 402 3423 visitatio
428 3366 459 3422 et
485 3356 626 3436 provisio
657 3355 827 3436 pertinebit
852 3357 891 3419 ad
918 3355 1084 3420 facultates
1110 3357 1290 3438 theologiae
1316 3370 1349 3424 et

265 3457 431 3538 utriusque
443 3455 537 3536 J'uriS,
556 3471 636 3536 quae
652 3455 788 3535 singolis
803 3455 896 3518 annis
911 3454 1120 3518 cerlis-modo
1143 3464 1175 3518 et
1190 3455 1291 3520 forma
1306 3474 1348 3522 ex

263 3573 325 3621 suo
345 3573 482 3636 corpore
504 3555 649 3636 singulos
672 3555 858 3634 provisores
881 3554 1087 3618 constituent.
1107 3553 1162 3616 llic
1185 3556 1348 3634 praefatus

264 3671 349 3719 nunc
363 3655 466 3718 adhuc
488 3661 653 3733 superstes
677 3653 825 3733 provisor
840 3661 870 3718 et
889 3652 1034 3716 visitator
1055 3652 1086 3714 iu
1109 3653 1292 3723 visitatione
1314 3667 1347 3719 et

264 3752 402 3833 negotiis
417 3769 495 3816 suae
512 3751 706 3832 provisionis
727 3751 932 3816 assistentem
954 3751 1016 3814 sibi
1038 3751 1214 3831 assumpsit
1229 3753 1347 3818 abhinc

264 3851 392 3918 circiter
406 3852 517 3933 viginti
533 3851 625 3914 annis
648 3850 812 3914 dominum
835 3859 867 3914 et
888 3849 1074 3930 magistrum
1097 3850 1251 3916 loannem
1268 3852 1344 3916 Wa-

162 3942 165 3948 '
264 3949 411 4026 mesiam,
426 3950 507 4031 iuris
523 3949 669 4014 canonici
686 3949 871 4029 primarium
888 3949 1117 4030 professorem,
1132 3948 1186 4030 qui
1198 3965 1216 4013 a
1230 3949 1345 4032 viginti

263 4055 317 4112 aut
345 4047 473 4114 circiter
502 4049 594 4112 annis
623 4065 696 4113 cum
726 4047 890 4128 praedicto
920 4045 1050 4111 domino
1087 4047 1256 4126 provisore
1287 4065 1346 4129 per

247 4147 367 4227 ¹ipsum
383 4147 583 4212 fundatorem
598 4146 773 4212 constituto
790 4145 967 4210 rationibus
983 4144 1137 4222 interfuit,
1155 4154 1345 4228 computus-
