3100 4938
708 427 954 514 '--1ro-¹
1036 519 1039 524 Ι

285 597 682 685 collegiorumzuniuspro
692 613 802 666 sacrae
812 595 1304 681 theologiaestudiosis,alter'ius
1314 619 1373 684 pro

285 697 481 765 habitatione
497 703 528 764 et
543 690 706 764 communi
727 712 786 764 usu
810 705 934 780 septem
951 713 1124 780 puerorum
1140 699 1243 765 saneti
1259 699 1343 768 Petri
1362 714 1370 763 :

317 803 344 856 ⁴«
357 793 478 863 Deinde
503 797 610 863 dictus
631 795 782 862 dominus
803 802 940 862 testator
962 795 1015 878 pie
1037 803 1142 882 motus
1164 797 1204 862 ad
1226 799 1371 878 omnipo-

283 893 381 960 tentis
408 893 465 962 Dei
491 893 625 978 ejusque
651 895 858 961 intemeratae
883 893 1051 976 genitricis
1078 895 1206 972 mariae,
1236 903 1374 977 quatuor

283 990 559 1076 Evangellstarum
582 1001 614 1058 et
637 997 773 1074 quatuor
795 992 964 1058 ductorum
987 998 1118 1058 sanetae
1135 993 1245 1059 matris
1261 993 1372 1060 Eccle-

283 1089 351 1156 siae
366 1091 504 1180 laudem,
530 1091 686 1156 honorent
702 1098 741 1157 et
756 1091 902 1172 gloriam,
920 1105 1063 1172 suaeque
1079 1091 1203 1157 animae
1222 1093 1371 1171 salutem,

283 1205 382 1254 unum
395 1189 566 1271 collegium
579 1195 769 1271 perpetuum
782 1197 920 1271 quatuor
935 1188 1156 1254 bursariorum
1172 1189 1205 1252 in
1220 1190 1371 1256 facultate

282 1299 394 1354 sacrae
409 1289 590 1371 theologiae
606 1289 803 1354 studentium
820 1288 880 1353 suh
898 1279 1038 1362 statutis,
1056 1287 1177 1369 regulis
1194 1295 1226 1354 et
1241 1289 1370 1354 ordina-

280 1383 429 1476 tionibus
448 1385 531 1451 inira
553 1387 726 1467 descriptis
742 1385 885 1462 fundare,
906 1385 1031 1469 erigere
1054 1393 1086 1453 et
1108 1387 1221 1452 dotare
1244 1388 1369 1466 volens,

257 1481 380 1561 dedit,
405 1485 522 1567 legavit
541 1490 572 1550 et
595 1485 724 1567 reliquit
750 1485 880 1550 domum
896 1482 1103 1550 habitationis
1119 1501 1198 1550 suae
1222 1495 1369 1568 magnam

281 1583 350 1649 sive
362 1583 583 1666 principalem,
599 1585 780 1666 contiguam
793 1584 900 1648 domui
913 1581 1058 1664 magistri
1070 1580 1205 1648 Gerardi
1216 1583 1258 1649 de
1270 1585 1371 1650 Baus-

281 1681 359 1759 sele,
374 1697 447 1747 eum
463 1681 532 1748 suis
545 1681 748 1764 pertiuentiis
760 1681 921 1747 urniversis
937 1698 995 1762 pro
1010 1681 1083 1746 loeo
1099 1677 1228 1763 collegii
1244 1693 1367 1748 meme-

188 1789 195 1811 *
281 1781 353 1845 rati.
371 1781 409 1845 Et
431 1781 575 1846 conlisus
597 1781 630 1845 in
652 1779 708 1846 llei
728 1779 896 1846 clementia
920 1787 951 1844 et
972 1779 1005 1842 in
1028 1775 1244 1860 praelatorum
1264 1780 1389 1855 eccle-g

280 1873 485 1944 siasticorum
508 1887 539 1944 et
566 1877 765 1945 literatorum
791 1877 1026 1952 benevolentia,
1051 1883 1085 1941 ut
1107 1876 1294 1969 huJusmodi
1317 1879 1367 1959 pia

280 1992 339 2042 sua
362 1975 538 2044 intentione
553 1993 618 2043 non
634 1977 819 2051 frustretur,
836 1983 868 2041 et
883 1975 922 2040 ad
937 1973 1086 2040 ellectum
1102 1973 1209 2041 debite
1232 1975 1367 2042 deduca-

280 2084 333 2142 tur
347 2083 379 2142 et
394 2075 629 2153 intertineatur,
652 2074 737 2142 idem
752 2073 903 2140 dominus
920 2080 1054 2140 testator
1069 2075 1175 2156 elegit,
1194 2072 1365 2152 ordinavit,

279 2165 455 2240 nominavit
484 2181 516 2240 et
545 2173 713 2240 constituit
742 2173 935 2255 praescripti
964 2172 1015 2240 sui
1041 2173 1169 2255 collegii
1192 2181 1366 2256 perpetuos

278 2271 521 2340 commissarios
543 2279 575 2338 et
597 2272 788 2350 directores,
805 2271 953 2340 videlieet
974 2272 1177 2338 venerabiles
1198 2272 1288 2338 viros
1310 2273 1367 2338 do·

279 2371 383 2436 minos
412 2371 579 2445 decanum,
610 2376 757 2435 curatum
783 2375 815 2434 et
841 2368 1048 2434 scolasticum
1075 2369 1179 2436 dictae
1206 2370 1363 2436 eeclesiae

279 2469 381 2534 saneti
407 2468 503 2545 Petri,
531 2485 591 2534 nec
616 2485 681 2532 non
706 2467 847 2549 priorem
873 2467 1061 2533 monasterii
1087 2467 1364 2534 carthusiensium

279 2565 436 2648 praedicti
461 2565 571 2647 oppidi
594 2565 815 2641 lovaniensis,
840 2582 899 2646 pro
921 2573 1066 2646 tempore
1090 2567 1279 2632 existentes.
1307 2568 1370 2632 Per

279 2681 361 2746 quos
390 2663 423 2727 in
449 2663 535 2729 dieto
562 2663 698 2744 collegio
720 2663 846 2729 institui
868 2663 968 2730 voluit
994 2671 1131 2749 quatuor
1156 2665 1304 2731 bursales
1332 2665 1366 2728 in

268 2763 427 2846 facultate
453 2778 565 2828 sacrae
589 2759 782 2843 theologiae,
813 2769 847 2853 ut
874 2778 971 2844 supra
998 2771 1156 2838 narratur,
1185 2761 1364 2837 studentes,

277 2861 437 2927 benorum
453 2861 594 2926 nominis
616 2869 648 2926 et
670 2861 784 2937 famae,
801 2867 967 2942 promotos
990 2859 1023 2924 in
1045 2861 1180 2938 artibus,
1197 2861 1366 2938 biretatos,

278 2960 332 3042 qui
360 2951 570 3026 obtinuerunt
598 2960 705 3026 lecum
740 2967 772 3024 et
807 2959 1043 3040 promotionem
1076 2959 1109 3022 in
1139 2959 1263 3026 artibus
1293 2967 1366 3026 ante

279 3058 420 3124 medium
445 3057 544 3124 totius
570 3057 694 3124 ordinis
717 3074 795 3124 suae
817 3059 1041 3140 promotionis,
1067 3075 1132 3124 non
1154 3059 1311 3126 habentes
1333 3061 1365 3122 in

278 3155 362 3221 veris
386 3155 566 3221 redditibus
592 3155 869 3237 patrimonialibus
892 3156 941 3222 vel
969 3155 1223 3233 beneficialibus,
1248 3157 1369 3238 quibus

278 3261 413 3335 possent
427 3270 463 3319 se
479 3254 608 3319 Levanii
625 3255 665 3318 ad
680 3254 932 3320 continuandum
956 3253 1097 3319 studium
1120 3271 1216 3319 suum
1237 3262 1368 3324 susten-

277 3358 357 3446 tare,
374 3351 486 3434 viginti
501 3359 639 3434 quatuor
653 3352 796 3418 florenos
811 3353 980 3418 Renenses
993 3369 1183 3418 communes
1199 3369 1314 3419 annue.

276 3595 364 3669 elerge
377 3597 482 3653 avaient
495 3596 592 3669 adepte
605 3595 629 3654 le
643 3595 711 3670 style
725 3596 757 3654 de
770 3597 865 3670 Liege,
880 3595 925 3669 qui
939 3595 1035 3670 plapait
1054 3597 1079 3654 le
1096 3596 1320 3654 reneuvellemeat
1332 3595 1369 3654 de

276 3687 379 3744 l’aunce
393 3705 427 3744 au
441 3688 473 3741 ec
489 3685 636 3754 decembre,
648 3688 701 3744 lete
714 3686 746 3744 de
754 3686 780 3744 le
789 3685 869 3744 Noel.
881 3687 920 3744 Im
930 3688 1033 3744 notuire
1042 3687 1151 3746 Nicoles
1158 3689 1192 3746 de
1203 3689 1308 3756 Castro,
1319 3691 1369 3760 qui

276 3783 352 3850 repub
364 3777 389 3834 le
402 3782 544 3835 testament
557 3777 590 3834 de
603 3777 690 3834 Henri
703 3777 736 3834 de
749 3777 881 3834 Houterle
895 3781 922 3834 et
932 3777 1062 3835 s'intilule
1073 3777 1221 3836 leodiensis
1230 3779 1365 3847 dioecesis,

275 3870 359 3924 eaetv'e
372 3869 512 3939 apostolica
525 3875 551 3924 et
564 3867 694 3940 imperiali
707 3868 908 3930 auctoritatibus
929 3871 1046 3925 notarius
1059 3869 1176 3941 juratus,
1193 3889 1209 3926 a
1222 3869 1272 3927 tait
1285 3887 1371 3944 usage

275 3959 311 4014 du
324 3957 394 4031 style
406 3958 439 4016 de
453 3958 627 4030 Liege.(1ette
638 3960 769 4016 essertion
779 3965 820 4016 est
829 3959 971 4017 confirmes
983 3977 1030 4032 per
1038 3959 1207 4017 l’iudieation
1217 3959 1251 4018 de
1264 3958 1373 4018 l’annee

274 4049 311 4106 du
325 4049 464 4122 pontificat
476 4049 511 4105 du
525 4068 591 4123 pape
603 4049 620 4106 J
622 4049 678 4106 ulae
691 4051 737 4118 11;
752 4068 785 4106 en
798 4049 872 4118 ellel,
887 4051 912 4105 la
925 4049 1051 4108 huitieme
1072 4055 1155 4108 ennea
1169 4050 1202 4108 de
1215 4068 1246 4108 ce
1260 4051 1370 4124 poutile
1489 4059 1497 4072 ”

273 4140 378 4197 s’etend
391 4140 427 4196 du
443 4142 457 4197 1
472 4139 612 4198 novembre
628 4142 698 4196 1510
712 4159 746 4198 au
760 4142 775 4196 1
790 4139 931 4198 novembre
946 4141 1029 4200 1511.
