3130 4942
639 491 817 600 ,⁷25⁴

233 653 329 719 »Sed
355 669 429 720 curn
456 662 631 736 proventus
658 656 787 738 collegii
814 672 925 722 omnes
950 671 1014 720 non
1041 673 1082 721 ex
1112 654 1219 721 lundis
1245 661 1277 722 et

191 752 288 833 agris,
303 753 361 818 sed
373 770 413 818 ex
425 753 620 834 pecuniariis
632 755 823 832 redditibus,
839 754 981 836 realibus
994 762 1026 819 et
1038 754 1274 834 personalibus,

191 850 394 931 colligantur,
408 851 563 932 valdeque
578 851 727 932 exiguum
742 854 796 928 sit,
811 852 897 934 quod
913 858 986 932 post
998 851 1121 933 regium
1136 851 1288 916 edictum*

190 947 291 1030 recipi
322 949 423 1028 possit
452 957 601 1031 respectu
631 967 755 1025 eorum,
787 967 870 1032 quae
900 949 963 1014 boc
991 958 1136 1030 tempore
1163 950 1277 1030 partin

190 1046 368 1128 deplorata,
384 1048 499 1129 partim
514 1047 584 1114 sine
600 1049 734 1113 summis
750 1047 907 1114 molestiis
931 1057 962 1112 et
974 1048 1167 1128 ,sumptibus
1183 1045 1276 1112 recuss

191 1145 297 1224 perari
313 1146 366 1208 vix
380 1154 542 1227 poterunt,
562 1163 657 1212 nemo
673 1146 853 1221 mirabitur,
871 1146 900 1212 si
922 1145 960 1210 ad
978 1145 1148 1226 pristinum
1162 1145 1277 1211 bursa·

191 1244 313 1310 riorum
329 1261 495 1310 numerum
512 1245 674 1327 perveniri
691 1263 754 1312 non
771 1243 887 1327 possit.
976 1317 978 1320 ,

231 1343 346 1424 Atque,
366 1351 399 1408 ut
414 1346 476 1408 hoc
492 1343 606 1409 melius
628 1343 838 1435 intelligatur,
855 1342 995 1408 breviter
1010 1341 1151 1407 indicare
1173 1341 1279 1407 visum

190 1449 253 1518 est,
278 1450 395 1522 quanta
418 1443 472 1517 sit,
496 1459 560 1507 non
584 1442 712 1523 quidem
735 1460 774 1509 ex
794 1441 941 1508 decursis
966 1441 1057 1506 annis
1084 1439 1277 1522 praeteritis,

191 1541 250 1604 sed
262 1556 378 1616 annua,
393 1556 474 1622 quae
489 1540 623 1630 debetur
639 1554 774 1616 summa,
788 1541 829 1605 de
841 1539 1090 1622 quacollegium
1106 1538 1279 1620 periclitari

191 1637 347 1714 videatur,
372 1645 492 1703 utnon
519 1646 582 1704 tarn
606 1639 746 1720 praesidi
771 1640 919 1704 voluntas
942 1645 974 1704 et
997 1637 1162 1719 diligentia
1184 1653 1279 1719 quam

89 1739 91 1746 '
192 1737 329 1803 facultas
345 1739 460 1804 deesse
475 1737 680 1820 intelligatur.

237 1858 254 1893 »
269 1835 309 1900 Et
328 1836 466 1917 primum
487 1837 615 1917 quidem
639 1837 748 1901 Status
769 1836 958 1901 Brabanliae

195 1933 957 2015 inpartepotissimumlovaniensidebentcol-

193 2033 279 2113 legio
302 2033 527 2114 theologorum
543 2033 575 2096 in
590 2035 689 2098 variis
711 2034 958 2116 particularibus

192 2131 375 2196 redditibus
393 2132 487 2196 annis
503 2131 639 2213 singulis
657 2150 813 2198 summam
829 2133 958 2204 circiter
1000 2132 1060 2196 868
1077 2132 1109 2194 ll.

193 2229 439 2310 Antverpieusis
460 2231 792 2312 ciuitasplusminus
837 2279 844 2294 .
891 2278 899 2294 .
946 2277 953 2293 .
999 2231 1058 2294 aab
1075 2231 1107 2294 ss.
1125 2230 1166 2312 lle
1182 2239 1223 2294 st.

193 2327 405 2394 Lovanionsis
422 2329 534 2394 civitas
562 2376 953 2393 ........
999 2329 1059 2393 lae
1074 2329 1107 2392 ll.
1126 2329 1165 2392 19
1180 2330 1277 2410 qast.

196 2427 344 2492 bominia
360 2427 445 2510 regis
461 2428 493 2491 in
509 2428 653 2508 partibus
670 2428 922 2495 lovaniensibus
951 2474 959 2490 .
1025 2429 1064 2492 80
1080 2428 1113 2491 ll.

197 2525 387 2591 llollandiae
400 2526 544 2591 civitates
557 2526 755 2592 Dordrarum
768 2543 805 2592 ac
818 2527 959 2609 Delphi.
1006 2527 1065 2590 113
1081 2527 1115 2591 ll.
1150 2573 1153 2579 .

197 2623 383 2690 Harmoniae
412 2625 520 2692 Status
565 2671 959 2688 ........
1005 2625 1113 2689 1610.
1213 2633 1221 2648 ‘

193 2722 409 2789 Turnacum.
456 2772 462 2786 .
620 2770 628 2786 .
675 2709 683 2786 .’
731 2769 957 2788 .....
1025 2725 1113 2788 roll.

192 2822 319 2903 Brugae
347 2868 849 2888 ..........
849 2849 851 2857 v
897 2872 904 2886 .
952 2870 959 2886 .
1025 2823 1064 2886 78
1080 2823 1114 2885 ss.

194 2920 380 2984 Gandavum
404 2966 960 2991 ...........
1025 2919 1114 2983 l8ll.

191 3018 373 3098 Traiectum
388 3017 427 3082 ad
444 3019 564 3083 Mosam
620 3065 627 3082 .
663 3055 666 3060 ·
675 3064 959 3084 ......
1026 3015 1113 3080 310.

195 3117 361 3181 Prioralus
377 3116 627 3182 0001010000.
674 3164 958 3182 ......
1020 3115 1064 3178 Δ39
1079 3114 1112 3176 ll.
1131 3113 1169 3176 15
1185 3119 1225 3176 st.

193 3215 396 3280 Buscoducis
411 3215 566 3297 quaedam
581 3216 697 3282 domus
731 3263 958 3280 .....
1023 3213 1060 3276 al
1078 3212 1110 3275 ll.
1129 3211 1167 3274 10
1184 3219 1225 3274 st.

194 3313 352 3378 Dominus
368 3314 407 3379 de
421 3314 533 3379 Boxtel
566 3360 960 3378 ........
1025 3311 1064 3375 00
1081 3310 1111 3374 ll.
1129 3308 1169 3372 13
1184 3316 1224 3373 st.

193 3411 848 3498 Francssaillet,dominusdeLintere.
895 3461 903 3477 .
951 3459 958 3475 .
1025 3409 1112 3473 llll.

15 3555 21 3566 .
195 3511 358 3576 Haeredes
374 3511 493 3575 domini
510 3512 549 3574 de
565 3511 685 3586 Qoor.
733 3558 741 3574 .
787 3560 793 3574 .
953 3559 960 3576 .
1025 3509 1112 3572 5011.
1186 3567 1189 3574 ,

15 3611 17 3704 '¹
64 3659 70 3665 .
195 3610 352 3674 Dominus
377 3610 417 3675 de
442 3610 688 3676 Grevenbroeck
733 3655 960 3674 .....
1024 3607 1111 3671 aad.

16 3723 18 3736 ’
194 3707 326 3772 Ldvanii
343 3707 449 3772 variae
468 3707 583 3772 domus
604 3711 718 3788 partim
734 3708 869 3786 dirutae,
887 3725 958 3789 par·

236 3805 292 3870 tim
307 3805 501 3870 evisceratae
514 3815 546 3870 et
561 3805 665 3870 adbuc
680 3806 887 3881 inhabitatae,
900 3822 956 3869 an-

16 3949 17 3990 3
95 3979 98 3985 ἢ
236 3904 497 3984 uueplusquam
515 3949 1005 3969 ..........
1025 3900 1111 3965 sun.

16 4021 18 4076 ;
195 4001 338 4082 Denique
360 4001 432 4066 cum
455 4002 597 4077 lovanii,
622 4010 689 4067 tum
711 4003 744 4066 in
766 4003 881 4068 vicinis
903 4016 960 4082 pa-

16 4183 17 4190 *
235 4101 295 4181 gis,
311 4101 390 4164 varii
413 4101 556 4165 redditus
578 4101 766 4181 personales
788 4109 819 4165 et
841 4099 956 4173 reales,

16 4203 18 4280 l
134 4227 137 4232 ·
237 4199 291 4280 qui
304 4199 424 4280 percipi
436 4198 571 4262 necdum
584 4198 622 4261 ab
635 4199 726 4262 annis
736 4199 800 4278 iarn
813 4197 958 4279 pluribus

238 4314 301 4360 non
314 4296 599 4378 potuerunt,lacile
612 4297 763 4377 usquead
776 4312 932 4362 summam
950 4342 958 4358 .
1002 4293 1110 4356 00011.
