3014 4946
689 445 875 508 496-

281 611 316 674 ln
332 611 393 674 boc
409 609 545 692 collegio
561 610 593 672 in
609 610 694 698 dicto
710 627 792 674 anno
818 609 896 672 lars
920 609 1095 690 hospitium
1119 607 1243 686 accepit
1259 607 1324 688 qui-

240 709 310 773 dam
327 708 436 773 Gallus
446 710 644 790 capitaneus,
660 709 809 773 Claudius
824 708 1003 781 Bernaerts,
1018 706 1320 787 luxemburgensis,

241 807 293 889 qui
316 807 508 888 gravissimo
531 825 629 873 onere
653 808 863 888 maximisque
887 807 1068 888 sumptibus
1091 806 1263 887 collegium
1280 805 1326 870 sic

241 905 394 988 gravavit,
412 913 445 971 ut
461 906 581 971 diutius
598 907 758 971 sustinere
774 923 838 971 non
857 906 1013 987 potuerit;
1031 905 1115 969 unde
1130 905 1248 969 facturn
1264 913 1323 978 est,

242 1005 326 1086 quod
353 1003 482 1068 dimidia
503 1021 585 1085 pars
611 1005 833 1069 bursariorum
862 1004 967 1068 statim
995 1002 1176 1078 diffluxerit,
1206 1001 1326 1082 reliqua

244 1103 325 1168 ultra
341 1119 458 1167 annum
483 1103 562 1166 abab
586 1103 764 1168 subsistere
787 1120 849 1168 non
877 1103 1027 1183 potuerit,
1046 1109 1079 1166 ut
1102 1119 1161 1166 nec
1182 1100 1325 1182 ejusdem

244 1202 371 1284 collegii
387 1202 577 1284 praesidens
593 1203 742 1267 dominus
760 1211 789 1268 et
806 1203 957 1284 magister
969 1195 1247 1276 loannes'Carrio‚
1271 1214 1326 1279 per

243 1301 442 1366 fundatorem
465 1301 587 1381 primus
610 1301 804 1366 constitutus
820 1301 1028 1380 praesidens;
1052 1299 1118 1380 qui,
1137 1315 1200 1368 non
1217 1297 1324 1362 valens

244 1400 328 1465 ferre
354 1407 408 1464 aut
431 1415 643 1480 praeerogare
666 1417 765 1464 onera
796 1399 899 1464 dictae
925 1397 1072 1462 militaris
1100 1393 1326 1477 hospitationis

243 1506 296 1564 aut
311 1515 347 1562 se
368 1497 498 1562 Lovanii
516 1497 634 1575 alendi,
653 1497 889 1578 praesidentiae
910 1497 942 1560 in
965 1496 1050 1560 dicto
1073 1511 1157 1560 anno
1182 1493 1261 1556 issa
1276 1509 1327 1558 re-

246 1596 411 1672 nuntiavit,
429 1605 460 1660 et
476 1596 616 1661 Lovanio
633 1597 791 1678 migravit.

286 1696 353 1760 Hoc
374 1695 540 1759 infortunii
563 1712 690 1776 quoque
717 1695 840 1776 accepit
864 1695 1047 1776 collegium,
1072 1693 1157 1775 quod
1182 1691 1215 1754 in
1241 1706 1325 1755 anno

245 1794 324 1857 lsra
340 1811 378 1858 ex
393 1810 480 1858 mera
496 1793 626 1858 lascivia
642 1793 770 1858 militari
794 1802 826 1858 et
848 1793 1004 1868 excubiis,
1022 1808 1101 1873 quas
1117 1791 1225 1856 dictus
1240 1789 1326 1870 capi-

215 1957 217 1962 ,
246 1899 359 1957 taneus
375 1892 406 1954 in
422 1892 581 1956 vestibulo
594 1892 670 1956 dicti
686 1893 812 1974 collegii
827 1893 974 1967 habebat,
990 1890 1176 1956 incendium
1193 1886 1326 1969 collegio

244 1991 285 2056 sit
300 1991 461 2065 obortum,
479 1989 511 2055 el
533 2007 645 2072 magna
669 2008 743 2072 pars
766 2008 822 2071 per
844 1991 1046 2056 fundatorem
1071 1989 1238 2054 aedificata
1253 2003 1327 2052 con-

247 2088 504 2169 flagravitduJ'us
516 2090 779 2171 conflagrationis
791 2089 923 2171 vestigia
937 2089 1032 2154 nimis
1045 2087 1214 2160 manifesta
1227 2086 1331 2150 adhuc

247 2196 419 2267 apparent;
437 2205 494 2267 per
509 2188 593 2268 quod
610 2189 792 2253 incendium
808 2188 949 2270 ingentia
972 2188 1087 2252 damna
1110 2185 1281 2277 collegium
1296 2183 1330 2247 in

142 2330 144 2334 -
247 2286 447 2366 supellectile
463 2296 495 2352 et
506 2288 701 2367 bibliotheca
717 2288 851 2367 accepit.

286 2386 441 2465 Migrante
457 2386 542 2451 dicto
556 2387 678 2451 Joanne
700 2387 809 2451 Carrio
832 2385 1046 2468 praesidente,
1072 2383 1269 2466 provisores,
1287 2397 1329 2445 nc

247 2483 369 2564 reliqna
396 2484 660 2548 domus‘libidini
687 2485 832 2548 militaris
859 2483 1009 2565 praesidii
1035 2482 1272 2563 relinqueretur
1301 2489 1332 2544 et

246 2590 312 2646 tota
328 2599 391 2646 non
408 2584 537 2663 periret,
554 2584 778 2664 praefecerunt
794 2583 897 2648 eidem
913 2581 1079 2648 dominum
1096 2589 1127 2646 et
1144 2579 1331 2662 magistrum

249 2681 375 2745 Petrum
402 2697 419 2744 a
442 2681 530 2755 Fine,
556 2681 738 2762 Lyropium‚
766 2689 927 2762 pastorem
954 2679 1148 2762 parochialis
1174 2677 1332 2742 ecclesiae

185 2823 188 2829 -
248 2778 351 2843 sancti
373 2779 514 2854 Quintini
538 2780 759 2857 lovaniensis,
783 2780 954 2861 assignatis
977 2779 1024 2842 illi
1046 2785 1174 2844 centu-m
1198 2775 1330 2841 florenis

250 2877 330 2942 ultra
347 2894 441 2941 usum
463 2877 558 2953 horti,
577 2879 636 2942 sub
658 2895 756 2942 unere
778 2878 958 2943 sustinendi
980 2893 1079 2941 onera
1103 2873 1328 2956 hospitationis

250 2975 408 3038 militaris.
426 2975 491 3050 Qua
517 2977 641 3041 ratione
663 2977 786 3057 reliqua
809 2993 882 3056 pars
904 2975 979 3040 dicti
1004 2975 1131 3056 collegii
1152 2991 1170 3038 a
1192 2973 1284 3038 ruina
1300 2980 1329 3037 et

250 3074 400 3138 incendio
416 3084 618 3155 praeservata
635 3084 694 3151 est,
713 3085 744 3140 et
764 3075 973 3140 nihilominus
988 3074 1092 3139 adbuc
1114 3074 1177 3138 duo
1201 3089 1241 3138 ex
1255 3072 1330 3136 bur-

250 3173 345 3237 sariis
368 3174 486 3238 retenti
517 3182 548 3238 et
571 3191 628 3255 per
652 3191 725 3239 eum
749 3174 886 3250 educati,
910 3175 990 3238 alter
1018 3173 1227 3254 sesquianno,
1252 3171 1331 3235 alter

250 3271 377 3336 duobus
400 3273 504 3348 annis,
522 3273 565 3336 ita
589 3282 622 3338 ut
637 3274 721 3338 dicto
745 3290 828 3338 novo
845 3273 1038 3354 praesidenti
1058 3273 1235 3336 debeantur
1251 3270 1331 3335 ultra

250 3369 310 3432 2100
326 3370 478 3446 florenos
498 3380 531 3436 ut
545 3381 577 3437 et
592 3373 734 3452 praefato
751 3371 853 3452 primo
870 3372 1010 3452 praesidi
1026 3373 1130 3436 adbuc
1147 3388 1183 3434 ex
1200 3368 1331 3450 reliquis

250 3468 408 3533 debentur
430 3470 490 3533 366
512 3470 626 3535 floreni
653 3472 735 3535 ultra
760 3487 808 3544 ea,
841 3487 921 3552 quae
949 3470 1086 3535 Alardu's
1110 3471 1150 3534 de
1177 3470 1328 3543 Boscbut,

250 3567 326 3633 dicti
350 3569 476 3652 collegii
501 3587 558 3649 per
580 3570 779 3635 fundatorem
804 3570 997 3635 constitutus
1021 3569 1143 3650 primus
1169 3576 1328 3649 receptor,

249 3665 310 3732 sibi
325 3667 434 3732 debari
452 3668 640 3748 praetendit.

292 3765 382 3830 Unde
398 3766 584 3848 percipitur,
607 3767 640 3830 in
660 3784 723 3848 quo
747 3773 830 3831 statu
847 3766 889 3832 sit
904 3766 965 3831 boc
980 3767 1100 3831 dictum
1116 3766 1286 3848 collegium
1301 3775 1333 3830 et

252 3880 346 3946 quam
372 3864 512 3930 difficilis
538 3868 580 3930 sit
605 3866 691 3932 illius
718 3866 890 3940 restitutio,
918 3873 982 3930 tam
1008 3866 1114 3947 quoad
1140 3865 1333 3930 solutionem

252 3961 456 4039 debitorum,
486 3964 719 4045 reparationem
748 3965 963 4047 conflagratae
991 3965 1106 4030 domus
1135 3964 1335 4045 aliorumque

252 4069 412 4126 sartorum
429 4069 597 4139 tectorum,
614 4079 708 4144 quam
725 4064 962 4130 restitutionem
984 4063 1216 4128 bursariorum.
1236 4062 1333 4144 Cuius

253 4167 342 4224 esset
362 4161 445 4225 bona
471 4161 681 4242 possibilitas,
709 4162 737 4226 si
763 4162 884 4244 reliqua
911 4179 968 4227 seu
995 4161 1146 4243 arriragia
1173 4161 1336 4226 dictorum

251 4257 411 4323 redituum
429 4259 574 4340 expedite
590 4261 804 4325 solverentur.
