3058 4952
723 453 912 514 -464-

269 617 441 701 primario;
458 635 540 698 quos
557 626 588 682 et
605 617 873 698 praesesviglius
889 633 948 682 suo
966 616 1099 682 dederat
1122 615 1270 698 collegio,
1289 615 1357 680 bls-

270 735 333 799 one
359 716 518 796 adiunctis
541 716 692 796 primario
718 717 862 792 consule,
886 716 1049 795 apprimo
1077 714 1185 797 oppidi
1209 715 1355 795 syndico,

271 832 367 896 quern
384 814 623 897 pensionarium
639 814 812 894 appellant.
830 814 865 878 ln
881 815 941 878 hac
958 814 1176 879 declaratione
1192 814 1356 880 continen-

272 923 323 980 tnr
339 923 370 979 et
385 913 512 992 collegii
529 921 658 984 statuta,
676 912 708 974 in
725 912 841 992 unibus
858 915 938 978 baec
954 913 1093 979 observo
1110 935 1117 976 :

314 1013 450 1078 Praeses
463 1012 592 1091 jubetur
613 1011 732 1076 victum
748 1012 905 1076 burseriis
928 1030 966 1076 ex
990 1013 1187 1092 praescripto
1211 1012 1355 1078 domino-

275 1130 343 1176 rum
368 1111 569 1191 provisorum
586 1110 750 1190 frugaliter
772 1111 996 1176 administrare
1012 1120 1043 1174 et
1058 1111 1118 1174 alia
1133 1123 1259 1186 curare,
1278 1127 1356 1191 quae

272 1216 372 1291 lextra
402 1211 551 1274 amictum
577 1210 722 1283 illorum,
751 1227 845 1290 quent
872 1211 912 1274 de
938 1227 998 1274 suo
1026 1210 1162 1274 studiosi
1193 1210 1357 1286 curabunt)

274 1309 451 1375 necessitas
478 1307 698 1388 postulaverit.
722 1308 915 1388 Aegrotante
940 1309 1053 1372 horum
1077 1308 1196 1388 aliquo,
1224 1308 1251 1372 si
1277 1325 1356 1392 opus

274 1409 379 1480 luerit,
399 1407 542 1470 medicus
564 1406 690 1486 collegii
715 1407 866 1486 expensis
881 1407 1061 1481 vocabitur,
1077 1407 1228 1488 illiusque
1253 1424 1356 1486 praes-

273 1508 378 1586 cripto
400 1523 496 1586 aeger
516 1505 691 1581 curabitur,
715 1505 864 1571 bursario
892 1523 967 1581 uno,
994 1523 1117 1570 necnon
1146 1507 1263 1571 famulo
1287 1524 1356 1572 curn

275 1605 400 1670 ancillis
426 1603 687 1668 inservientibus.
713 1603 929 1677 Quotannis...
955 1621 1012 1684 pro
1039 1605 1177 1684 singulis
1203 1605 1355 1668 burseriis

274 1723 330 1767 ont
353 1703 495 1768 florenos
521 1702 739 1777 Brabantioos,
765 1719 827 1766 non
853 1703 945 1776 ultra,
971 1703 1110 1766 insumet
1132 1706 1356 1782 pracses;'pro

276 1819 334 1868 sua
351 1812 455 1866 autem
480 1817 589 1864 mensa
606 1809 636 1864 et
652 1801 847 1865 necessariis
863 1819 918 1864 ccx
933 1801 1093 1876 florenos3
1113 1818 1170 1880 pro
1192 1802 1309 1866 famulo
1329 1812 1357 1866 et

276 1901 401 1966 ancillis
423 1901 548 1964 duabus
564 1918 632 1974 ccc;
651 1901 828 1980 habeatque
846 1909 1010 1979 praeterea
1033 1900 1170 1981 singulis
1186 1901 1280 1964 annis
1303 1917 1358 1981 pro

276 2017 335 2066 sno
358 2000 465 2064 labore
481 2017 515 2062 cn
531 1999 683 2062 llorenos.
702 1999 855 2072 bersarii,
875 2011 1001 2078 peracta
1020 2015 1148 2069 mensa,
1160 1999 1358 2064 recreatione

278 2098 424 2170 honesta,
447 2113 483 2160 se
503 2097 720 2170 oblectabunt,
738 2097 908 2176 praecipue
930 2113 1007 2162 vero
1032 2097 1173 2162 musicae
1196 2098 1303 2162 studio
1326 2114 1359 2160 se

278 2195 439 2271 addicant,
460 2204 490 2260 et
512 2213 642 2274 operam
667 2197 753 2269 dent,
780 2206 812 2260 nt
838 2207 1017 2260 exterarum
1045 2197 1209 2260 nationum
1237 2197 1359 2277 linguas

276 2294 456 2358 addiscant.
473 2295 585 2358 Nullus
601 2293 771 2374 collegium
787 2303 878 2358 exeat
894 2293 1016 2374 absque
1040 2295 1166 2360 licentia
1183 2295 1358 2375 praesidis;

280 2411 381 2475 eaque
397 2395 536 2468 obtenta,
555 2394 691 2457 babeant
707 2395 829 2457 socium
846 2393 906 2457 sibi
923 2394 1117 2474 adjunctum.

323 2494 400 2558 Data
423 2502 472 2558 est
498 2494 598 2558 altera·
618 2493 792 2556 declaratio
816 2510 900 2557 antio
923 2493 1003 2556 loll
1026 2495 1065 2558 de
1089 2494 1360 2558 administratione

281 2593 438 2671 bonorum
452 2592 511 2656 sub
529 2593 657 2656 nomine
668 2591 826 2655 dictorum
842 2592 993 2656 comitum
1007 2609 1044 2656 ac
1056 2592 1194 2658 familiae
1207 2593 1357 2658 iacienda.

281 2693 383 2770 Atque
405 2692 605 2754 haecomnia
628 2699 658 2754 et
682 2690 807 2770 singula
824 2691 957 2769 predicti
982 2691 1159 2770 respective
1176 2690 1358 2756 mandatarii

280 2807 318 2854 ao
333 2790 474 2869 deputati
492 2789 694 2868 postmodum
719 2805 802 2852 anno
819 2788 910 2860 lena,
929 2789 968 2852 23
981 2790 1062 2870 julii,
1081 2791 1218 2855 solemni
1237 2799 1358 2854 contra·

281 2899 332 2951 ctu
357 2904 464 2952 coram
492 2887 690 2965 amplissimo
714 2890 783 2951 viro
806 2887 975 2954 Guilielmo
1002 2906 1019 2952 a
1046 2889 1235 2968 Steenbuys,
1261 2889 1360 2969 regiae

281 2985 462 3050 Catholicae
478 2985 632 3065 Maiestati
648 3002 665 3048 a
681 2985 827 3050 consiliis
851 2994 954 3050 status
970 2997 1001 3054 et
1017 2987 1141 3066 privati,
1159 2988 1198 3052 ad
1215 2989 1276 3052 boe
1295 3003 1361 3068 spe·

280 3085 404 3149 cialiter
430 3086 598 3164 deputato,
628 3102 755 3148 rursum
785 3085 970 3160 laudarunt,
999 3088 1217 3168 approbarunt
1242 3097 1274 3152 et
1299 3095 1361 3148 rata

282 3185 471 3259 babuerunt,
496 3202 716 3265 concessaque
743 3202 799 3263 per
825 3184 929 3252 dictos
956 3186 1090 3250 comites
1113 3185 1283 3250 ordinibus
1304 3185 1360 3246 Lu-

281 3285 567 3365 xemburgensibns
594 3284 624 3346 in
652 3283 789 3364 collegio
811 3284 947 3364 llyliano
974 3285 1231 3366 praesentatione
1254 3283 1361 3348 tertiae

283 3381 379 3460 partis
395 3381 625 3454 bursariornm,
639 3382 728 3465 inter
744 3399 826 3462 qnos
843 3399 927 3446 uuus
942 3399 1071 3462 semper
1086 3393 1173 3448 esset
1189 3381 1361 3446 Lovanien-

281 3480 338 3553 sis,
357 3491 440 3546 etex
458 3481 589 3560 reliquis
606 3481 728 3545 duabus
754 3482 855 3546 tertiis
877 3481 993 3565 bursae
1013 3482 1095 3546 duae
1117 3480 1361 3546 similiteraddi·

279 3589 349 3642 otae
371 3579 638 3653 Luraniensibns,
660 3580 855 3658 praedictum
881 3590 1079 3643 contractum
1103 3581 1356 3644 concessionem-

277 3695 340 3758 qne
372 3678 499 3742 nomine
524 3679 682 3741 dictorum
713 3678 861 3742 ordinum
888 3679 1086 3758 approbante
1115 3688 1146 3742 et
1179 3687 1360 3758 acceptante

279 3775 373 3840 Petro
389 3775 534 3848 lloberti,
551 3793 697 3841 camerae
718 3777 883 3842 rationalis
899 3777 1088 3842 Brabatrtiae
1104 3777 1288 3850 adsessore,
1307 3776 1357 3840 sed

280 3882 382 3954 neque
398 3874 562 3955 Fuggeris,
581 3893 639 3940 nec
661 3876 723 3938 alic
745 3892 908 3956 quoquam.
921 3892 1032 3939 eornm
1044 3876 1197 3950 nomine,
1215 3876 1358 3940 eumdem

278 3983 478 4038 contractum
495 3984 560 4038 tum
577 3975 626 4038 vel
643 3983 829 4054 acceptante
846 3975 895 4038 rel
910 3984 1012 4038 ratum
1030 3975 1166 4039 habente
1183 3977 1232 4052 ll).

255 4237 259 4245 ,
318 4185 360 4254 (ll
379 4186 418 4242 ne
438 4193 511 4244 texte
525 4185 556 4240 de
569 4189 613 4242 oet
634 4186 727 4242 accord
747 4205 762 4240 a
780 4191 822 4242 ete
844 4184 931 4258 publie
952 4185 1016 4242 dans
1038 4187 1151 4254 Bonctt,
1165 4205 1282 4260 ouvrage
1300 4187 1359 4251 titt,

283 4295 310 4346 p.
327 4277 392 4334 831.
