3058 4952
592 518 630 529 -
654 484 713 548 391
736 520 775 528 -·

454 729 509 801 18.
532 728 695 802 Continui
721 753 767 801 ou
792 729 912 802 Mons.

189 925 238 997 Ce
256 925 404 1020 college,
425 926 548 1020 appele
566 927 852 1020 primitivement,
865 926 1079 999 c'est-a-dire
1098 929 1221 1023 depuis

137 1041 171 1112 le
185 1050 340 1112 moment
359 1042 402 1112 de
421 1065 461 1112 sa
479 1041 660 1113 fondation
680 1067 722 1114 en
748 1043 853 1128 1596,
872 1049 996 1134 coiidye
1013 1049 1056 1114 de
1073 1049 1163 1114 dean
1182 1044 1223 1116 dc
1326 1073 1328 1078 ’

136 1159 308 1241 Βίέυθηθ,
339 1165 450 1246 recut‚
472 1181 513 1228 θη
537 1157 642 1241 1636,
663 1158 696 1228 1θ
714 1182 795 1228 nom
813 1159 857 1230 de
883 1165 1010 1248 coiidye
1034 1166 1077 1230 de
1103 1166 1219 1243 Mons,

135 1295 244 1366 parce
265 1273 348 1365 qu'il
366 1273 417 1342 fut
437 1273 642 1365 reorganise
660 1282 694 1344 et
712 1274 793 1344 dote
808 1278 830 1342 a
847 1281 937 1345 cette
956 1282 1090 1366 e'poque
1105 1297 1169 1367 par
1186 1274 1222 1345 la

136 1387 221 1459 ville
246 1389 289 1458 do
316 1389 433 1459 Mons.
456 1386 505 1458 Oe
529 1387 764 1481 ohangement
789 1389 832 1458 de
856 1411 936 1458 nom
964 1389 1037 1459 doit
1064 1387 1223 1460 d'autant

135 1504 251 1574 moins
269 1525 357 1574 nous
375 1504 603 1597 surprendre,
625 1528 693 1598 que
707 1504 740 1574 le
754 1504 907 1598 premier
920 1504 1108 1574 fondateur
1126 1505 1222 1575 avait

135 1620 261 1714 appele
280 1621 341 1690 des
360 1620 516 1691 Montois
541 1623 562 1690 a
586 1619 622 1690 la
643 1620 847 1714 jouissance
872 1620 934 1690 des
959 1617 1107 1690 bourses
1134 1617 1222 1690 lors-

132 1758 204 1828 que
224 1758 280 1806 ses
298 1733 461 1806 heritiers
476 1734 698 1806 viendraient
718 1739 739 1804 a
756 1735 845 1806 faire
864 1734 998 1805 defaut.
1018 1735 1067 1804 Le
1086 1734 1221 1826 college

134 1851 180 1921 de
211 1849 317 1920 Mons
348 1850 433 1922 etait
467 1849 558 1920 situe'
597 1873 660 1920 rue
692 1856 825 1933 Neuce,
864 1855 945 1942 pres
981 1850 1024 1919 de
1059 1872 1147 1920 ceux
1179 1849 1222 1918 de

135 1965 337 2038 Saint-lves
356 1973 390 2036 et
408 1966 451 2036 de
469 1965 639 2057 Bruegel,
667 1966 755 2036 dans
781 1965 814 2036 le
834 1965 1016 2056 voisinage
1035 1965 1078 2034 de
1107 1964 1224 2035 l'eoole

133 2081 302 2175 publique
321 2081 363 2150 de
382 2080 417 2150 la
435 2080 564 2151 laculte
584 2081 646 2151 des
667 2087 754 2151 aris.

187 2195 267 2266 Une
285 2200 407 2264 Notice
423 2219 487 2264 sur
504 2200 535 2264 te
561 2201 689 2283 colidqe
713 2199 755 2264 de
780 2196 894 2278 Meno,
917 2194 984 2264 due
1010 2198 1032 2264 a
1053 2193 1089 2265 la
1107 2193 1223 2286 plume

135 2311 180 2381 de
199 2309 252 2380 M.
275 2307 375 2400 Felix
393 2310 547 2395 Hachez,
569 2335 589 2380 o
607 2333 695 2403 paru
714 2310 803 2380 dans
822 2309 1035 2380 l’Annuaire
1053 2314 1220 2378 (1θῖΠηί-

133 2431 265 2496 versili
283 2425 476 2514 coiioiiqne
499 2432 542 2496 dc
567 2431 727 2496 Louccin
753 2449 796 2496 en
820 2426 926 2498 1862.
949 2425 1049 2495 Nous
1070 2433 1220 2496 mettons

133 2565 173 2612 oe
202 2542 330 2612 travail
355 2546 377 2611 at
403 2541 521 2635 profit,
567 2564 610 2612 en
629 2541 660 2614 le
679 2541 927 2634 reproduisant
948 2563 1033 2610 avec
1052 2539 1220 2632 quelques

132 2658 351 2728 corrections
371 2665 405 2728 et
423 2657 591 2750 quelques
610 2656 801 2739 additions,
824 2665 858 2726 et
876 2679 920 2726 en
939 2656 972 2726 le
990 2655 1122 2726 faisant
1140 2662 1219 2748 pre·

132 2772 239 2842 oe‘der
265 2769 345 2842 d'un
365 2771 494 2841 extruit
513 2771 574 2840 des
592 2776 694 2840 Fasti
712 2774 908 2840 academici
926 2771 967 2839 de
988 2770 1137 2863 Paquot,
1160 2763 1219 2860 qui

135 2894 287 2970 resume,
307 2910 349 2956 en
364 2909 431 2980 peu
449 2887 492 2957 de
510 2886 625 2978 lignes
639 2892 674 2956 et
693 2885 794 2956 d'une
810 2885 965 2956 manidre
984 2891 1055 2955 tres
1070 2885 1215 2978 pre‘cise,

133 3002 186 3072 les
205 3001 415 3096 principatur
433 3001 513 3073 faits
533 3002 576 3072 de
594 2999 763 3071 l'histoire
781 2998 824 3071 de
842 2999 1140 3072 l’etablissement.

497 3195 667 3260 Counseruu
690 3196 861 3260 Mournnss.

178 3401 195 3436 t(
210 3375 311 3458 Hujus
327 3385 440 3440 auctor
455 3376 578 3456 primus
595 3384 645 3440 est
659 3376 799 3440 loannes
811 3375 851 3438 de
864 3374 1012 3447 Bieveoe,
1028 3374 1216 3449 Montensis,

131 3477 215 3558 iuris
241 3475 406 3556 utriusque
430 3475 710 3555 inconsonum
737 3473 922 3538 donnoniae
944 3481 1084 3548 senator,
1107 3484 1218 3554 postea

135 3592 302 3641 sacrorum
319 3591 477 3639 sanonum
501 3573 668 3655 professor
689 3573 883 3648 ordinarius,
901 3580 932 3636 ei
953 3572 1080 3637 Lovuoii
1105 3572 1136 3634 io
1153 3572 1217 3634 divi

135 3673 220 3738 Petri
236 3673 422 3745 canonieus,
441 3672 611 3736 defunctus
632 3670 776 3735 kalendis
796 3669 866 3750 julii
891 3669 981 3732 1596.
999 3671 1055 3735 lile
1081 3686 1216 3750 namquo

134 3770 386 3836 testamentariis
403 3771 529 3846 tabulis
540 3770 654 3835 eodem
667 3786 751 3834 anno
763 3777 876 3834 octavo
890 3769 961 3833 idus
970 3769 1052 3850 junii
1065 3768 1215 3842 conditis,

136 3878 210 3952 post
223 3870 324 3950 legata
339 3868 494 3948 quaedam
507 3867 578 3932 aliis
590 3868 712 3941 relicta,
724 3867 888 3931 residuum
900 3867 1058 3930 bonorum
1071 3881 1213 3938 suorum,

135 3980 231 4050 atque
247 3968 277 4029 io
295 3968 345 4030 his
362 3968 458 4031 aedes
473 3983 550 4030 suas
565 3966 695 4032 scholae
718 3966 834 4030 artium
850 3966 1022 4045 proximas,
1040 3967 1135 4048 vulgo
1158 3967 1216 4029 deo

136 4069 286 4136 Metacien
304 4067 405 4146 Ciepci
430 4065 469 4128 ab
493 4064 611 4146 insigni
635 4073 845 4146 nuncupatas,
863 4081 936 4130 curn
952 4081 1034 4128 nova
1049 4064 1144 4131 domo
1161 4064 1218 4128 abs

139 4167 329 4242 secontia,
347 4176 378 4230 et
394 4165 508 4240 hortis,
525 4164 660 4246 aliisque
684 4163 903 4245 adjacentibus
925 4162 1013 4229 dedit
1035 4179 1072 4227 ao
1092 4161 1222 4245 reliquit

224 4284 267 4329 iu.
1099 4262 1139 4326 26
