3130 4942
670 459 833 522 ..65-

205 621 302 704 giatis
325 621 358 686 tlt
379 639 418 688 ex
433 622 627 698 fundatione,
646 625 747 689 nostri
763 622 900 690 studiosi
921 621 1120 719 imitarentur
1134 639 1173 688 ex
1189 638 1290 704 spon·
1326 603 1333 618 ’

206 730 301 789 tanea
323 721 489 798 charitate,
506 731 600 803 atque
623 722 820 804 erigeremus
842 723 926 787 inter
949 726 1008 786 nu's
1024 721 1157 786 sormam
1180 739 1291 804 quam·
1481 714 1493 774 t'

206 821 280 886 dam
295 821 424 902 capituli
438 821 645 896 canonicalis,
663 839 726 903 quo
743 822 803 887 sub
816 821 991 885 directione
1004 821 1175 901 praepositi
1193 829 1289 903 atque
1382 898 1387 907 ,

206 918 321 990 decani
352 919 498 984 canonici
522 919 654 1002 aliquot,
682 919 911 1005 ecelesiasticis
941 918 1055 983 officiis
1081 918 1286 1000 addictiores,

206 1016 379 1098 praecipue
393 1017 499 1082 ordini
521 1033 559 1081 ac
584 1016 693 1082 decori
708 1011 804 1081 officii
820 1016 919 1087 diuini
942 1016 1154 1092 intenderent,
1172 1017 1290 1098 ceteris
1382 1003 1387 1011 ’

105 1187 110 1196 ,
204 1114 335 1180 interim
353 1114 486 1196 collegis
503 1113 632 1178 minime
647 1115 798 1190 exclusis,
816 1114 872 1180 sed
894 1115 1038 1195 ipsorum
1060 1114 1205 1194 exemplo
1221 1131 1288 1178 ma·

204 1213 256 1294 gis
276 1213 504 1298 provocandis.
522 1213 620 1294 blagis
645 1213 738 1278 etiam
762 1213 880 1294 placuit
896 1212 1116 1293 hujuscemodi
1140 1212 1286 1278 ordinem

200 1311 270 1392 jam
292 1311 500 1385 constituere,
518 1311 602 1392 quod
623 1311 901 1393 jamcompertum
926 1311 1099 1376 habeamus
1117 1320 1190 1392 post
1212 1329 1288 1391 pau·
1343 1340 1346 1354 ·

205 1426 265 1476 cos
277 1427 379 1474 annos
395 1410 627 1492 instituendum
642 1411 753 1486 luisse,
769 1419 937 1491 propterea
954 1410 1038 1490 quod
1055 1427 1093 1474 ex
1108 1427 1194 1474 nunc
1209 1409 1288 1475 certi
1372 1413 1377 1420 '

204 1509 329 1574 reditus
350 1509 488 1573 ordinati
511 1508 585 1586 siut,
603 1509 656 1589 qui
680 1518 903 1589 postmortem
926 1508 1092 1588 cuiusdam
1116 1508 1190 1572 boni
1213 1507 1286 1583 viri,

203 1607 302 1688 hujus
317 1607 443 1688 collegii
456 1607 616 1688 quondam
629 1607 747 1671 alumni
760 1609 810 1686 (l),
825 1609 908 1671 inter
920 1600 1029 1670 sacelli
1043 1607 1288 1696 nustricanoni-

204 1722 276 1780 cos,
304 1707 432 1786 quando
458 1705 576 1770 divinis
599 1697 716 1770 officiis
741 1705 911 1780 intersunt,
940 1715 1033 1769 erunt
1062 1704 1285 1769 distribuendi.

203 1805 251 1869 Ne
275 1821 350 1869 vero
373 1805 467 1886 hujus
494 1805 623 1885 capituli
651 1805 821 1872 occasione
847 1805 879 1867 in
905 1803 1052 1884 collegio,
1079 1804 1129 1868 vel
1155 1803 1186 1865 in
1215 1803 1286 1883 ipso

205 1903 302 1968 etiam
330 1903 470 1983 capitulo
496 1903 613 1984 aliquid
643 1912 772 1984 geratur
800 1903 991 1977 inordinate,
1021 1902 1124 1968 visum
1155 1899 1224 1978 luit,
1252 1909 1287 1965 ut

204 2001 357 2066 dominus
373 2000 561 2082 praesidens
578 2001 703 2082 collegii
720 2018 778 2082 pro
794 2009 938 2082 tempore
953 2001 1094 2065 existens
1111 2008 1285 2080 perpetuus

203 2099 247 2164 sit
262 2099 391 2180 capituli
416 2099 631 2180 praepositus,
650 2109 683 2164 ut
698 2101 737 2164 ab
753 2100 822 2180 ejus
839 2100 1006 2181 principali
1022 2099 1198 2164 directione
1214 2115 1285 2178 per-

203 2204 301 2277 petuo
324 2198 524 2278 dependeant
547 2198 671 2275 omnia;
688 2198 830 2263 decanus
852 2215 929 2264 veru
945 2197 1167 2262 communibus
1189 2213 1285 2262 cano-

203 2297 351 2362 uicorum
367 2297 528 2379 suffragiis
545 2297 698 2378 eligatur;
716 2314 777 2378 qua
792 2299 842 2363 via
860 2298 954 2363 etiam
970 2307 1172 2360 assumantur
1187 2311 1285 2370 cano-

202 2395 281 2472 nici,
294 2395 419 2476 quoties
432 2396 569 2477 aliquem
583 2397 732 2461 recedere
745 2396 923 2477 contigerit.
940 2396 1006 2460 Sint
1019 2411 1145 2476 quoque
1158 2402 1284 2475 praeter

200 2495 421 2574 praepositum
438 2502 531 2577 atque
546 2495 702 2563 decanum
721 2496 800 2560 aliae
816 2495 943 2576 capituli
960 2495 1142 2576 dignitates,
1158 2492 1284 2557 'scilicet

99 2673 103 2682 Ι
197 2593 340 2672 pastoris
355 2593 476 2670 sacelli,
494 2595 646 2672 cantoris,
664 2595 853 2661 thesaurarii
869 2603 963 2676 atque
978 2592 1183 2668 scholastici;
1201 2606 1283 2672 quae

187 2691 339 2756 obtineri
362 2693 487 2773 possint
509 2693 577 2758 sive
599 2710 616 2758 a
638 2694 802 2759 canonicis
824 2694 892 2758 sive
915 2711 978 2758 non
995 2692 1171 2769 canonicis,
1189 2698 1284 2772 prout

200 2789 386 2869 praeposito
411 2790 543 2855 maxime
565 2791 726 2866 videbitur
746 2791 913 2870 expedire·;
938 2791 975 2854 ad
993 2807 1064 2856 eum
1081 2791 1165 2854 enim
1189 2788 1282 2869 perti-

200 2887 291 2952 nebit
313 2887 424 2952 barum
448 2890 635 2970 dignitatum
657 2890 757 2955 libera
780 2889 937 2954 institutio
954 2907 992 2953 ex
1014 2889 1120 2954 causis
1142 2888 1281 2952 animum

198 2985 305 3066 ipsius
328 2987 541 3052 moventibus
565 2987 711 3052 cantoris
727 2997 832 3052 tamen
855 2987 994 3068 dignitas
1016 2987 1137 3066 absque
1158 2986 1281 3048 incom-

199 3084 298 3148 modo
321 3085 460 3164 permitti
482 3095 587 3166 potest
609 3087 833 3150 communibus
855 3085 1082 3150 canonicorum
1105 3084 1278 3164 suffragiis.

198 3183 334 3256 Quando
364 3191 469 3263 antem
502 3185 613 3248 barum
643 3185 830 3266 dignitatum
860 3199 1067 3264 possessores
1098 3199 1161 3246 non
1188 3189 1281 3246 eruut

198 3281 358 3356 canonici,
376 3282 408 3344 in
423 3283 563 3363 capitulo
578 3300 689 3347 vocem
705 3283 869 3348 electivam
886 3299 949 3346 non
965 3281 1135 3356 habebunt,
1155 3275 1279 3344 etiamsi

198 3380 337 3460 possint,
354 3383 630 3448 consentientibus
646 3383 782 3447 dominis
799 3383 982 3463 praeposito
1003 3391 1033 3446 et
1048 3383 1184 3460 decano,
1200 3381 1279 3444 deli-

196 3479 418 3545 berationibus
435 3491 466 3546 ct
481 3482 773 3547 consultationibus
788 3483 957 3554 interesse.
976 3481 1178 3546 llatricularii
1202 3497 1279 3546 vero

198 3586 230 3642 et
247 3579 412 3642 secretarii
429 3589 523 3644 erunt
538 3579 643 3646 officia
658 3597 675 3643 a
691 3597 755 3644 non
771 3581 935 3645 carronicis
950 3580 1146 3660 occupanda.

238 3697 257 3733 »
274 3675 373 3740 Porro
389 3693 461 3740 cum
477 3677 538 3742 hoc
554 3678 727 3758 capitulum
744 3678 923 3744 institutum
940 3679 981 3742 sit
997 3679 1035 3741 ad
1050 3679 1277 3742 exsolvendum

196 3773 341 3838 debitum
364 3764 523 3840 bonorem
545 3777 611 3841 Deo
634 3787 745 3841 nostro
771 3777 900 3864 Spiritui
928 3785 1051 3852 sancto,
1076 3787 1170 3857 atque
1197 3778 1278 3843 adeo

196 3871 255 3936 toti
268 3872 487 3939 sanctissimae
499 3875 656 3952 Trinitati‚
670 3885 833 3956 patronam
846 3876 1005 3957 eligimus,
1020 3891 1101 3956 quae
1114 3893 1173 3940 nos
1186 3892 1279 3942 sanc-

196 3969 343 4034 tissimae
364 3971 507 4036 Trinitati
527 3974 739 4052 commendet,
757 3974 970 4055 gratissimam
997 3976 1099 4056 ipsius
1121 3973 1277 4056 maiestati

233 4183 275 4253 (1)
294 4181 397 4239 Thierri
411 4183 520 4254 Plaueu,
535 4183 568 4242 de
582 4184 767 4244 Bois-temus.
