3036 4946
704 463 888 526 ..246-

255 629 395 692 florenos
411 627 515 692 Caroli
531 636 562 692 et
586 645 682 692 unum
706 629 847 693 modium
871 628 1019 709 siliginis,
1036 629 1092 709 qui
1107 636 1211 692 tamen
1227 636 1341 710 postea

254 727 294 790 ad
316 726 483 807 pecuniam
509 743 636 807 quoque
661 727 813 792 reductus
836 737 903 801 est;
928 727 1123 806 praesidenti
1149 734 1253 792 autem
1280 743 1341 808 pro

258 827 356 899 victu,
375 827 529 906 regimine
543 843 580 890 ac
596 825 812 892 celebratione
828 826 947 890 missae
962 826 1181 907 quotidianae,
1199 825 1343 905 exeeptis

253 925 367 990 diebus
381 925 564 1000 dominicis,
578 925 777 1005 septuaginta
789 925 872 990 duos
884 925 1027 991 florenos
1039 934 1071 989 et
1084 942 1182 989 unum
1197 924 1342 988 modium

254 1023 403 1104 siliginis,
423 1025 504 1100 ultra
519 1023 601 1088 alios
623 1023 746 1088 reditus
769 1025 951 1104 assignatos
968 1041 1026 1104 pro
1049 1024 1276 1088 intertentione
1292 1024 1341 1086 la-

255 1122 370 1195 mulae‚
388 1123 565 1197 servitoris,
583 1122 698 1186 domus
714 1109 897 1187 stallorum
913 1122 1124 1202 quorumdam
1139 1138 1286 1186 onerum.

294 1219 386 1294 Quod
408 1220 535 1300 quidem
558 1220 728 1301 collegium
749 1222 782 1282 in
805 1236 864 1285 suo
889 1221 984 1300 pleno
1000 1230 1084 1285 statu
1102 1221 1190 1286 stetit
1205 1221 1237 1282 in
1253 1236 1341 1284 anno

253 1317 344 1393 lala,
359 1335 422 1398 quo
434 1327 565 1399 propter
577 1319 771 1399 praesidium
785 1320 923 1384 militare
939 1336 1052 1384 omnes
1067 1319 1206 1383 hursarii
1222 1319 1342 1382 dimitti

251 1416 810 1497 debuerunt‚praesideilliuseodem
822 1417 978 1496 temporis
991 1425 1155 1481 momento
1167 1417 1340 1481 moriente.

251 1515 297 1577 Ex
311 1531 375 1596 quo
391 1515 580 1591 factumest,
599 1517 685 1596 quod
701 1533 758 1598 per
771 1516 967 1595 praesidium
984 1516 1120 1582 militare
1133 1516 1166 1578 in
1181 1533 1220 1580 eo
1237 1516 1344 1580 collo-

252 1621 357 1678 catum
372 1614 478 1678 omnia
494 1613 561 1678 fere
575 1615 608 1677 in
629 1615 715 1680 dicto
738 1615 875 1695 collegio
892 1615 1045 1696 perierint
1068 1623 1099 1679 et
1115 1615 1229 1681 domus
1252 1615 1343 1680 illius

251 1710 285 1774 in
306 1711 416 1776 multis
440 1712 583 1792 partibus
606 1713 710 1778 diruta
733 1723 765 1777 et
786 1713 964 1778 eviscerata
980 1713 1087 1790 suerit,
1112 1721 1146 1778 ut
1170 1730 1235 1778 nou
1259 1713 1342 1778 satis

252 1809 293 1874 sit
315 1810 507 1875 habitabilis.
525 1811 625 1892 Huius
641 1812 767 1894 collegii
791 1829 922 1892 praeses
945 1821 1090 1892 tempore
1104 1813 1209 1877 dictae
1224 1812 1341 1878 deser-

252 1908 351 1973 tionis
366 1909 424 1972 luit
440 1909 591 1991 magister
603 1910 784 1975 Ludovious
797 1911 942 1986 Stevens,
958 1911 1125 1992 utriusque
1136 1911 1220 1992 juris
1236 1911 1341 1976 liuen-

256 2007 364 2070 liatus.
467 2016 470 2022 '

294 2105 482 2170 Provisores
498 2105 594 2186 huius
614 2107 741 2188 collegii
757 2117 833 2172 sunt
856 2108 983 2189 collegii
1005 2107 1230 2188 theologorum
1246 2123 1344 2188 prae·

254 2202 378 2278 sidens,
393 2220 504 2269 sacrae
516 2205 696 2286 theologiae
709 2206 834 2281 doctor,
849 2215 881 2271 et
895 2207 1067 2286 primarius
1079 2205 1340 2286 professorjuris

254 2303 411 2377 canonici,
430 2304 483 2384 qui
499 2321 585 2369 nuuc
606 2314 680 2369 sunt
695 2305 845 2369 dominus
867 2315 898 2369 et
919 2307 1073 2387 magister
1088 2304 1246 2370 Henrious
1262 2303 1344 2366 Gra-

254 2403 338 2478 vius,
356 2417 466 2468 sacrae
480 2404 658 2486 theologiae
673 2404 799 2480 doctor,
813 2413 845 2470 et
857 2404 998 2470 loannes
1013 2403 1208 2479 Wamesius
1223 2403 1343 2467 utrius·

255 2519 317 2585 que
329 2503 412 2583 juris
427 2504 551 2568 doctor.

295 2601 355 2675 Qui
370 2602 434 2666 duo
447 2601 633 2682 provisores
648 2603 790 2684 cogitare
806 2611 983 2684 coeperunt
1006 2603 1047 2667 de
1062 2601 1122 2666 alia
1137 2601 1234 2666 domo
1249 2615 1341 2665 com-

255 2700 399 2766 modiore
414 2718 473 2782 pro
489 2701 626 2782 collegio
641 2703 787 2777 emenda,
801 2718 840 2767 ex
852 2718 891 2766 eo
907 2702 992 2782 quod
1008 2702 1124 2766 domus
1138 2699 1340 2764 fundationis

253 2801 296 2864 ita
312 2799 353 2863 sit
368 2799 472 2865 diruta
489 2809 520 2865 et
536 2801 724 2877 eviscerata,
748 2818 785 2865 ao
806 2801 924 2881 alioqui
947 2818 1004 2882 per
1020 2817 1056 2866 se
1081 2799 1210 2880 antiqua
1234 2805 1266 2862 et
1280 2797 1339 2860 ad-

253 2898 382 2963 modum
399 2915 457 2979 pro
472 2907 562 2964 tanto
578 2916 712 2964 numero
736 2899 956 2964 bursariorum
979 2907 1127 2980 augusta,
1152 2906 1183 2962 et
1198 2897 1230 2959 in
1247 2896 1341 2976 cujus

253 2997 487 3077 reparationem
510 2998 602 3064 facile
628 3005 750 3063 tantum
776 2998 917 3078 impendi
944 3006 1068 3078 posset,
1092 2995 1201 3087 quanti
1226 2995 1343 3060 melius

253 3096 492 3161 accommodata
504 3097 621 3162 domus
633 3097 704 3162 sine
716 3097 909 3162 necessitate
921 3095 1153 3161 aedificationis
1161 3093 1344 3174 comparari

253 3195 440 3274 possetne
462 3211 523 3274 qua
547 3211 583 3260 re
604 3211 677 3272 cum
699 3206 834 3275 patrono
857 3195 963 3260 dictae
985 3193 1193 3268 fundationis,
1212 3191 1267 3272 qui
1287 3200 1339 3256 est

254 3291 364 3356 senior
379 3301 410 3356 et
425 3293 557 3373 propior
572 3292 612 3357 de
627 3292 744 3356 familia
759 3292 800 3358 de
823 3292 948 3367 coelet,
967 3292 1146 3358 deliberare
1162 3290 1343 3356 constitue·

253 3397 340 3464 runt,
357 3399 526 3471 sperantes
541 3409 581 3457 ex
602 3387 767 3474 arriragiis
789 3392 950 3457 redituum
972 3391 1050 3456 dicti
1074 3390 1215 3471 collegii,
1233 3389 1260 3454 si
1276 3405 1344 3454 non

254 3487 395 3564 omnino,
413 3489 525 3555 saltem
541 3489 692 3571 paulatim
707 3491 739 3554 id
756 3492 825 3556 lieri
841 3507 950 3570 posse,
968 3489 1108 3555 simodo
1124 3487 1343 3570 praesidentia

248 3586 416 3652 ethursae
430 3588 469 3652 ad
485 3588 582 3654 hreve
602 3589 732 3670 aliquod
755 3598 881 3669 tempus
904 3590 1010 3654 adhuc
1034 3588 1273 3670 suspendantur
1289 3586 1341 3667 ll).

255 3682 341 3758 puae
356 3687 529 3766 suspensio
544 3687 577 3750 in
593 3703 721 3752 omnem
737 3695 887 3753 eventum
903 3687 1088 3753 necessaria
1102 3696 1153 3752 est
1172 3684 1342 3767 tantisper,

256 3780 359 3846 donec
373 3799 412 3848 ex
427 3785 590 3867 arriragiis
605 3794 728 3852 tantum
744 3786 786 3850 sit
807 3794 1038 3866 comparatum,
1056 3793 1090 3850 ut
1111 3785 1226 3850 iterum
1243 3783 1344 3848 colle-

256 3879 343 3962 gium
358 3882 398 3946 ad
415 3882 585 3964 pristinum
607 3901 664 3950 seu
686 3884 824 3966 aliquem
848 3890 966 3949 statum
982 3884 1093 3950 reduci
1115 3883 1231 3964 possit.
1255 3884 1345 3956 Quae

293 4093 332 4167 (1)
352 4093 378 4150 Il
394 4095 438 4152 u’a
451 4095 547 4169 jamais
565 4102 607 4156 ete
629 4098 716 4156 donne
735 4115 836 4155 aucune
859 4098 930 4155 suite
946 4115 981 4154 cu
1001 4097 1089 4171 projci
1111 4096 1178 4154 dont
1200 4095 1220 4152 il
1242 4099 1286 4152 est
1306 4092 1347 4151 ici

238 4240 241 4248 .
257 4183 389 4256 question.
