<?xml version="1.0" encoding="UTF-8"?>
<!DOCTYPE html PUBLIC "-//W3C//DTD XHTML 1.0 Transitional//EN"
    "http://www.w3.org/TR/xhtml1/DTD/xhtml1-transitional.dtd">
<html xmlns="http://www.w3.org/1999/xhtml" xml:lang="en" lang="en">
 <head>
  <title>
</title>
<meta http-equiv="Content-Type" content="text/html;charset=utf-8" />
  <meta name='ocr-system' content='tesseract 3.04.00' />
  <meta name='ocr-capabilities' content='ocr_page ocr_carea ocr_par ocr_line ocrx_word'/>
</head>
<body>
  <div class='ocr_page' id='page_1' title='image "./documentsrelati02reusgoog_0444.png"; bbox 0 0 3058 4952; ppageno 0'>
   <div class='ocr_carea' id='block_1_1' title="bbox 646 453 833 516">
    <p class='ocr_par' dir='ltr' id='par_1_1' title="bbox 646 453 833 516">
     <span class='ocr_line' id='line_1_1' title="bbox 646 453 833 516; baseline 0.011 -2"><span class='ocrx_word' id='word_1_1' title='bbox 646 453 766 516; x_wconf 81' lang='lat' dir='ltr'>-lll</span> <span class='ocrx_word' id='word_1_2' title='bbox 792 489 833 498; x_wconf 97' lang='lat'>—</span> 
     </span>
    </p>
   </div>
   <div class='ocr_carea' id='block_1_2' title="bbox 195 614 1283 897">
    <p class='ocr_par' dir='ltr' id='par_1_2' title="bbox 195 614 1283 897">
     <span class='ocr_line' id='line_1_2' title="bbox 196 614 1282 698; baseline 0 -15"><span class='ocrx_word' id='word_1_3' title='bbox 196 615 324 698; x_wconf 87' lang='lat' dir='ltr'>collegii</span> <span class='ocrx_word' id='word_1_4' title='bbox 340 614 470 680; x_wconf 81' lang='lat' dir='ltr'>Adriani</span> <span class='ocrx_word' id='word_1_5' title='bbox 487 616 525 678; x_wconf 93' lang='lat' dir='ltr'>Vl</span> <span class='ocrx_word' id='word_1_6' title='bbox 541 632 713 681; x_wconf 77' lang='lat' dir='ltr'><strong>successor</strong></span> <span class='ocrx_word' id='word_1_7' title='bbox 725 617 819 682; x_wconf 87' lang='lat' dir='ltr'>datus</span> <span class='ocrx_word' id='word_1_8' title='bbox 834 615 980 682; x_wconf 80' lang='lat' dir='ltr'>Michaeli</span> <span class='ocrx_word' id='word_1_9' title='bbox 996 617 1036 682; x_wconf 87' lang='lat' dir='ltr'>dc</span> <span class='ocrx_word' id='word_1_10' title='bbox 1051 618 1115 698; x_wconf 70' lang='grc'>666</span> <span class='ocrx_word' id='word_1_11' title='bbox 1131 619 1282 684; x_wconf 81' lang='lat' dir='ltr'>defuncto</span> 
     </span>
     <span class='ocr_line' id='line_1_3' title="bbox 195 715 981 796; baseline -0.009 -15"><span class='ocrx_word' id='word_1_12' title='bbox 195 717 235 781; x_wconf 99' lang='grc'>16</span> <span class='ocrx_word' id='word_1_13' title='bbox 251 715 444 796; x_wconf 80' lang='lat' dir='ltr'>septembris</span> <span class='ocrx_word' id='word_1_14' title='bbox 461 715 553 778; x_wconf 81' lang='grc'><strong>1689.</strong></span> <span class='ocrx_word' id='word_1_15' title='bbox 979 776 981 782; x_wconf 77' lang='grc'><strong>,</strong></span> 
     </span>
     <span class='ocr_line' id='line_1_4' title="bbox 237 815 1283 897; baseline 0.005 -19"><span class='ocrx_word' id='word_1_16' title='bbox 237 817 354 880; x_wconf 89' lang='lat' dir='ltr'>Verum</span> <span class='ocrx_word' id='word_1_17' title='bbox 383 815 553 896; x_wconf 81' lang='lat' dir='ltr'>collegium</span> <span class='ocrx_word' id='word_1_18' title='bbox 584 815 646 882; x_wconf 91' lang='lat' dir='ltr'>hoc</span> <span class='ocrx_word' id='word_1_19' title='bbox 671 815 774 880; x_wconf 83' lang='lat' dir='ltr'>sancti</span> <span class='ocrx_word' id='word_1_20' title='bbox 800 815 971 897; x_wconf 85' lang='lat' dir='ltr'>Augustini</span> <span class='ocrx_word' id='word_1_21' title='bbox 996 815 1112 881; x_wconf 88' lang='lat' dir='ltr'>deinde</span> <span class='ocrx_word' id='word_1_22' title='bbox 1138 833 1156 880; x_wconf 87' lang='lat' dir='ltr'>a</span> <span class='ocrx_word' id='word_1_23' title='bbox 1179 825 1283 884; x_wconf 89' lang='lat' dir='ltr'>morte</span> 
     </span>
    </p>
   </div>
   <div class='ocr_carea' id='block_1_3' title="bbox 86 913 1282 997">
    <p class='ocr_par' dir='ltr' id='par_1_3' title="bbox 86 913 1282 997">
     <span class='ocr_line' id='line_1_5' title="bbox 86 913 1282 997; baseline 0.002 -17"><span class='ocrx_word' id='word_1_24' title='bbox 86 915 94 928; x_wconf 85' lang='lat'><em>&#39;</em></span> <span class='ocrx_word' id='word_1_25' title='bbox 194 914 341 997; x_wconf 77' lang='lat' dir='ltr'>eiusdem</span> <span class='ocrx_word' id='word_1_26' title='bbox 364 913 529 978; x_wconf 72' lang='lat' dir='ltr'>Michaelis</span> <span class='ocrx_word' id='word_1_27' title='bbox 553 930 741 978; x_wconf 88' lang='lat' dir='ltr'>successum</span> <span class='ocrx_word' id='word_1_28' title='bbox 759 931 829 978; x_wconf 91' lang='lat' dir='ltr'>non</span> <span class='ocrx_word' id='word_1_29' title='bbox 853 913 975 988; x_wconf 88' lang='lat' dir='ltr'>habuit,</span> <span class='ocrx_word' id='word_1_30' title='bbox 993 914 1047 995; x_wconf 83' lang='lat' dir='ltr'>qui</span> <span class='ocrx_word' id='word_1_31' title='bbox 1070 915 1282 997; x_wconf 86' lang='lat' dir='ltr'>cogitationes</span> 
     </span>
    </p>
   </div>
   <div class='ocr_carea' id='block_1_4' title="bbox 194 1011 1282 1192">
    <p class='ocr_par' dir='ltr' id='par_1_4' title="bbox 194 1011 1282 1192">
     <span class='ocr_line' id='line_1_6' title="bbox 194 1011 1281 1094; baseline 0 -16"><span class='ocrx_word' id='word_1_32' title='bbox 194 1029 272 1078; x_wconf 93' lang='lat' dir='ltr'>suas</span> <span class='ocrx_word' id='word_1_33' title='bbox 288 1012 351 1077; x_wconf 89' lang='lat' dir='ltr'>alio</span> <span class='ocrx_word' id='word_1_34' title='bbox 367 1011 495 1076; x_wconf 91' lang='lat' dir='ltr'>divertit</span> <span class='ocrx_word' id='word_1_35' title='bbox 510 1011 586 1075; x_wconf 90' lang='grc'><strong>6116</strong></span> <span class='ocrx_word' id='word_1_36' title='bbox 602 1018 793 1076; x_wconf 84' lang='lat' dir='ltr'>testamento</span> <span class='ocrx_word' id='word_1_37' title='bbox 807 1029 867 1077; x_wconf 92' lang='lat' dir='ltr'>suo</span> <span class='ocrx_word' id='word_1_38' title='bbox 881 1011 1036 1077; x_wconf 78' lang='lat' dir='ltr'>iacobum</span> <span class='ocrx_word' id='word_1_39' title='bbox 1050 1012 1173 1094; x_wconf 87' lang='lat' dir='ltr'>Bajum,</span> <span class='ocrx_word' id='word_1_40' title='bbox 1187 1031 1281 1078; x_wconf 89' lang='lat' dir='ltr'>suum</span> 
     </span>
     <span class='ocr_line' id='line_1_7' title="bbox 194 1111 1282 1192; baseline 0 -14"><span class='ocrx_word' id='word_1_41' title='bbox 194 1130 234 1178; x_wconf 87' lang='lat' dir='ltr'>ex</span> <span class='ocrx_word' id='word_1_42' title='bbox 249 1113 347 1176; x_wconf 83' lang='lat' dir='ltr'>fratre</span> <span class='ocrx_word' id='word_1_43' title='bbox 364 1118 512 1192; x_wconf 85' lang='lat' dir='ltr'>nepotem</span> <span class='ocrx_word' id='word_1_44' title='bbox 529 1111 840 1190; x_wconf 87' lang='lat' dir='ltr'>supranominatum,</span> <span class='ocrx_word' id='word_1_45' title='bbox 854 1112 914 1176; x_wconf 92' lang='lat' dir='ltr'>sub</span> <span class='ocrx_word' id='word_1_46' title='bbox 930 1112 1029 1177; x_wconf 88' lang='lat' dir='ltr'>certis</span> <span class='ocrx_word' id='word_1_47' title='bbox 1044 1111 1282 1178; x_wconf 90' lang='lat' dir='ltr'>conditionibus</span> 
     </span>
    </p>
   </div>
   <div class='ocr_carea' id='block_1_5' title="bbox 192 1165 1524 1294">
    <p class='ocr_par' dir='ltr' id='par_1_5' title="bbox 192 1165 1524 1294">
     <span class='ocr_line' id='line_1_8' title="bbox 192 1165 1524 1294; baseline 0.004 -20"><span class='ocrx_word' id='word_1_48' title='bbox 192 1210 334 1276; x_wconf 89' lang='lat' dir='ltr'>instituit</span> <span class='ocrx_word' id='word_1_49' title='bbox 356 1210 540 1274; x_wconf 89' lang='lat' dir='ltr'>haeredem.</span> <span class='ocrx_word' id='word_1_50' title='bbox 564 1210 703 1274; x_wconf 85' lang='lat' dir='ltr'>lacobus</span> <span class='ocrx_word' id='word_1_51' title='bbox 726 1217 845 1288; x_wconf 87' lang='lat' dir='ltr'>autern,</span> <span class='ocrx_word' id='word_1_52' title='bbox 862 1228 935 1275; x_wconf 91' lang='lat' dir='ltr'>curn</span> <span class='ocrx_word' id='word_1_53' title='bbox 961 1211 1021 1277; x_wconf 89' lang='lat' dir='ltr'>dos</span> <span class='ocrx_word' id='word_1_54' title='bbox 1045 1211 1172 1294; x_wconf 87' lang='lat' dir='ltr'>collegii</span> <span class='ocrx_word' id='word_1_55' title='bbox 1194 1213 1281 1278; x_wconf 91' lang='lat' dir='ltr'>illius</span> <span class='ocrx_word' id='word_1_56' title='bbox 1406 1272 1408 1277; x_wconf 78' lang='grc'><strong>,</strong></span> <span class='ocrx_word' id='word_1_57' title='bbox 1494 1165 1524 1192; x_wconf 21' lang='lat'>&#39;⁸</span> 
     </span>
    </p>
   </div>
   <div class='ocr_carea' id='block_1_6' title="bbox 147 1307 1282 3559">
    <p class='ocr_par' dir='ltr' id='par_1_6' title="bbox 147 1307 1282 2262">
     <span class='ocr_line' id='line_1_9' title="bbox 194 1307 1280 1390; baseline 0.004 -18"><span class='ocrx_word' id='word_1_58' title='bbox 194 1308 361 1374; x_wconf 72' lang='lat' dir='ltr'>Michaelis</span> <span class='ocrx_word' id='word_1_59' title='bbox 387 1307 549 1379; x_wconf 87' lang='lat' dir='ltr'>deficeret,</span> <span class='ocrx_word' id='word_1_60' title='bbox 577 1307 741 1372; x_wconf 88' lang='lat' dir='ltr'>divendita</span> <span class='ocrx_word' id='word_1_61' title='bbox 766 1309 875 1384; x_wconf 93' lang='lat' dir='ltr'>domo,</span> <span class='ocrx_word' id='word_1_62' title='bbox 904 1308 1027 1374; x_wconf 90' lang='lat' dir='ltr'>reditus</span> <span class='ocrx_word' id='word_1_63' title='bbox 1056 1327 1178 1390; x_wconf 89' lang='lat' dir='ltr'>paucos</span> <span class='ocrx_word' id='word_1_64' title='bbox 1208 1329 1280 1376; x_wconf 91' lang='lat' dir='ltr'>oum</span> 
     </span>
     <span class='ocr_line' id='line_1_10' title="bbox 175 1406 1280 1491; baseline 0 -19"><span class='ocrx_word' id='word_1_65' title='bbox 175 1406 495 1472; x_wconf 77' lang='grc'><strong>’16661666161116</strong></span> <span class='ocrx_word' id='word_1_66' title='bbox 511 1407 617 1487; x_wconf 88' lang='lat' dir='ltr'>patrui</span> <span class='ocrx_word' id='word_1_67' title='bbox 634 1407 684 1472; x_wconf 91' lang='lat' dir='ltr'>sui</span> <span class='ocrx_word' id='word_1_68' title='bbox 706 1407 800 1472; x_wconf 93' lang='lat' dir='ltr'>bonis</span> <span class='ocrx_word' id='word_1_69' title='bbox 824 1409 1063 1488; x_wconf 91' lang='lat' dir='ltr'>provenientes,</span> <span class='ocrx_word' id='word_1_70' title='bbox 1080 1418 1112 1472; x_wconf 90' lang='grc'>61</span> <span class='ocrx_word' id='word_1_71' title='bbox 1127 1409 1280 1491; x_wconf 87' lang='lat' dir='ltr'>quidquid</span> 
     </span>
     <span class='ocr_line' id='line_1_11' title="bbox 192 1505 1281 1589; baseline 0.002 -19"><span class='ocrx_word' id='word_1_72' title='bbox 192 1508 353 1570; x_wconf 90' lang='lat' dir='ltr'>bonorum</span> <span class='ocrx_word' id='word_1_73' title='bbox 365 1505 436 1586; x_wconf 87' lang='lat' dir='ltr'>ipse</span> <span class='ocrx_word' id='word_1_74' title='bbox 451 1505 650 1586; x_wconf 85' lang='lat' dir='ltr'>possidebat,</span> <span class='ocrx_word' id='word_1_75' title='bbox 664 1506 807 1570; x_wconf 89' lang='lat' dir='ltr'>moriens</span> <span class='ocrx_word' id='word_1_76' title='bbox 823 1507 960 1589; x_wconf 87' lang='lat' dir='ltr'>collegio</span> <span class='ocrx_word' id='word_1_77' title='bbox 974 1525 1034 1572; x_wconf 90' lang='lat' dir='ltr'>suo</span> <span class='ocrx_word' id='word_1_78' title='bbox 1048 1509 1174 1589; x_wconf 78' lang='lat' dir='ltr'>Baiano,</span> <span class='ocrx_word' id='word_1_79' title='bbox 1188 1509 1281 1589; x_wconf 84' lang='lat' dir='ltr'>cujus</span> 
     </span>
     <span class='ocr_line' id='line_1_12' title="bbox 193 1603 1281 1688; baseline 0.003 -20"><span class='ocrx_word' id='word_1_80' title='bbox 193 1605 402 1670; x_wconf 84' lang='lat' dir='ltr'>fundamenta</span> <span class='ocrx_word' id='word_1_81' title='bbox 427 1603 580 1684; x_wconf 86' lang='lat' dir='ltr'>quaedam</span> <span class='ocrx_word' id='word_1_82' title='bbox 600 1605 666 1684; x_wconf 83' lang='lat' dir='ltr'>jam</span> <span class='ocrx_word' id='word_1_83' title='bbox 683 1613 755 1669; x_wconf 89' lang='lat' dir='ltr'>ante</span> <span class='ocrx_word' id='word_1_84' title='bbox 778 1605 862 1684; x_wconf 85' lang='lat' dir='ltr'>jacta</span> <span class='ocrx_word' id='word_1_85' title='bbox 885 1615 988 1678; x_wconf 90' lang='grc'><strong>61661,</strong></span> <span class='ocrx_word' id='word_1_86' title='bbox 1005 1607 1039 1668; x_wconf 94' lang='grc'>16</span> <span class='ocrx_word' id='word_1_87' title='bbox 1064 1607 1172 1682; x_wconf 88' lang='lat' dir='ltr'>domo,</span> <span class='ocrx_word' id='word_1_88' title='bbox 1199 1624 1281 1688; x_wconf 87' lang='lat' dir='ltr'>quae</span> 
     </span>
     <span class='ocr_line' id='line_1_13' title="bbox 193 1703 1280 1786; baseline 0 -16"><span class='ocrx_word' id='word_1_89' title='bbox 193 1704 271 1770; x_wconf 90' lang='lat' dir='ltr'>olim</span> <span class='ocrx_word' id='word_1_90' title='bbox 296 1703 400 1768; x_wconf 85' lang='lat' dir='ltr'>tuerat</span> <span class='ocrx_word' id='word_1_91' title='bbox 423 1703 556 1768; x_wconf 85' lang='lat' dir='ltr'>loannis</span> <span class='ocrx_word' id='word_1_92' title='bbox 579 1703 619 1768; x_wconf 93' lang='lat' dir='ltr'>de</span> <span class='ocrx_word' id='word_1_93' title='bbox 642 1703 822 1778; x_wconf 88' lang='lat' dir='ltr'>Gronsselt,</span> <span class='ocrx_word' id='word_1_94' title='bbox 843 1704 926 1784; x_wconf 75' lang='lat' dir='ltr'>iuris</span> <span class='ocrx_word' id='word_1_95' title='bbox 950 1705 1119 1786; x_wconf 87' lang='lat' dir='ltr'>utriusque</span> <span class='ocrx_word' id='word_1_96' title='bbox 1135 1705 1280 1771; x_wconf 88' lang='lat' dir='ltr'>doctoris</span> 
     </span>
     <span class='ocr_line' id='line_1_14' title="bbox 193 1801 1282 1883; baseline 0 -14"><span class='ocrx_word' id='word_1_97' title='bbox 193 1812 226 1869; x_wconf 90' lang='lat' dir='ltr'>et</span> <span class='ocrx_word' id='word_1_98' title='bbox 255 1801 452 1883; x_wconf 85' lang='lat' dir='ltr'>professoris</span> <span class='ocrx_word' id='word_1_99' title='bbox 482 1801 636 1881; x_wconf 90' lang='lat' dir='ltr'>primarii,</span> <span class='ocrx_word' id='word_1_100' title='bbox 665 1802 808 1866; x_wconf 87' lang='lat' dir='ltr'>defuncti</span> <span class='ocrx_word' id='word_1_101' title='bbox 834 1802 853 1865; x_wconf 89' lang='lat'>9</span> <span class='ocrx_word' id='word_1_102' title='bbox 879 1803 961 1883; x_wconf 86' lang='lat' dir='ltr'>junii</span> <span class='ocrx_word' id='word_1_103' title='bbox 990 1803 1082 1881; x_wconf 81' lang='grc'><strong>1113,</strong></span> <span class='ocrx_word' id='word_1_104' title='bbox 1111 1804 1282 1869; x_wconf 89' lang='lat' dir='ltr'>destinavit</span> 
     </span>
     <span class='ocr_line' id='line_1_15' title="bbox 193 1901 1280 1986; baseline 0.002 -20"><span class='ocrx_word' id='word_1_105' title='bbox 193 1902 390 1974; x_wconf 86' lang='lat' dir='ltr'>universum,</span> <span class='ocrx_word' id='word_1_106' title='bbox 404 1901 525 1981; x_wconf 88' lang='lat' dir='ltr'>scripto</span> <span class='ocrx_word' id='word_1_107' title='bbox 538 1918 632 1966; x_wconf 88' lang='lat' dir='ltr'>manu</span> <span class='ocrx_word' id='word_1_108' title='bbox 646 1901 774 1981; x_wconf 87' lang='lat' dir='ltr'>propria</span> <span class='ocrx_word' id='word_1_109' title='bbox 788 1909 990 1975; x_wconf 86' lang='lat' dir='ltr'>testamento,</span> <span class='ocrx_word' id='word_1_110' title='bbox 1009 1903 1095 1984; x_wconf 85' lang='lat' dir='ltr'>quod</span> <span class='ocrx_word' id='word_1_111' title='bbox 1111 1904 1280 1986; x_wconf 85' lang='lat' dir='ltr'>subsigna-</span> 
     </span>
     <span class='ocr_line' id='line_1_16' title="bbox 191 2000 1279 2084; baseline 0 -19"><span class='ocrx_word' id='word_1_112' title='bbox 191 2003 239 2066; x_wconf 91' lang='lat' dir='ltr'>vit</span> <span class='ocrx_word' id='word_1_113' title='bbox 255 2002 294 2064; x_wconf 89' lang='grc'>18</span> <span class='ocrx_word' id='word_1_114' title='bbox 309 2001 419 2082; x_wconf 81' lang='lat' dir='ltr'>aprilis</span> <span class='ocrx_word' id='word_1_115' title='bbox 434 2000 525 2077; x_wconf 89' lang='grc'><strong>1611,</strong></span> <span class='ocrx_word' id='word_1_116' title='bbox 544 2001 700 2082; x_wconf 76' lang='lat' dir='ltr'>cuiusque</span> <span class='ocrx_word' id='word_1_117' title='bbox 716 2001 949 2082; x_wconf 76' lang='lat' dir='ltr'>suprascriptio</span> <span class='ocrx_word' id='word_1_118' title='bbox 967 2009 1015 2066; x_wconf 91' lang='grc'>661</span> <span class='ocrx_word' id='word_1_119' title='bbox 1036 2001 1076 2066; x_wconf 94' lang='lat' dir='ltr'>de</span> <span class='ocrx_word' id='word_1_120' title='bbox 1099 2003 1137 2066; x_wconf 90' lang='lat' dir='ltr'>l8</span> <span class='ocrx_word' id='word_1_121' title='bbox 1153 2005 1279 2084; x_wconf 84' lang='lat' dir='ltr'>augusti</span> 
     </span>
     <span class='ocr_line' id='line_1_17' title="bbox 147 2090 1278 2180; baseline 0.004 -17"><span class='ocrx_word' id='word_1_122' title='bbox 147 2127 149 2132; x_wconf 33' lang='lat' dir='ltr'>v</span> <span class='ocrx_word' id='word_1_123' title='bbox 192 2100 286 2174; x_wconf 90' lang='grc'><strong>1611,</strong></span> <span class='ocrx_word' id='word_1_124' title='bbox 317 2090 426 2164; x_wconf 80' lang='lat' dir='ltr'>boram</span> <span class='ocrx_word' id='word_1_125' title='bbox 456 2099 581 2162; x_wconf 90' lang='lat' dir='ltr'>notario</span> <span class='ocrx_word' id='word_1_126' title='bbox 612 2099 775 2163; x_wconf 82' lang='lat' dir='ltr'>conrardo</span> <span class='ocrx_word' id='word_1_127' title='bbox 802 2099 921 2180; x_wconf 86' lang='lat' dir='ltr'>Sylvio,</span> <span class='ocrx_word' id='word_1_128' title='bbox 949 2101 1089 2166; x_wconf 91' lang='lat' dir='ltr'>testibus</span> <span class='ocrx_word' id='word_1_129' title='bbox 1116 2101 1278 2168; x_wconf 85' lang='lat' dir='ltr'>Ludovico</span> 
     </span>
     <span class='ocr_line' id='line_1_18' title="bbox 192 2196 660 2262; baseline -0.006 -2"><span class='ocrx_word' id='word_1_130' title='bbox 192 2198 316 2262; x_wconf 85' lang='lat' dir='ltr'>bledart</span> <span class='ocrx_word' id='word_1_131' title='bbox 332 2204 363 2262; x_wconf 93' lang='lat' dir='ltr'>et</span> <span class='ocrx_word' id='word_1_132' title='bbox 378 2196 544 2260; x_wconf 86' lang='lat' dir='ltr'>Leonardo</span> <span class='ocrx_word' id='word_1_133' title='bbox 560 2196 660 2261; x_wconf 90' lang='lat' dir='ltr'>Petri.</span> 
     </span>
    </p>

    <p class='ocr_par' dir='ltr' id='par_1_7' title="bbox 190 2295 1280 2772">
     <span class='ocr_line' id='line_1_19' title="bbox 236 2295 1280 2376; baseline 0.002 -16"><span class='ocrx_word' id='word_1_134' title='bbox 236 2295 321 2360; x_wconf 87' lang='lat' dir='ltr'>Obiit</span> <span class='ocrx_word' id='word_1_135' title='bbox 335 2295 473 2359; x_wconf 88' lang='lat' dir='ltr'>lacobus</span> <span class='ocrx_word' id='word_1_136' title='bbox 488 2295 593 2376; x_wconf 84' lang='lat' dir='ltr'>Bayus</span> <span class='ocrx_word' id='word_1_137' title='bbox 615 2295 766 2359; x_wconf 85' lang='lat' dir='ltr'>fundator</span> <span class='ocrx_word' id='word_1_138' title='bbox 781 2297 800 2358; x_wconf 83' lang='lat'>5</span> <span class='ocrx_word' id='word_1_139' title='bbox 821 2296 966 2360; x_wconf 88' lang='lat' dir='ltr'>octobris</span> <span class='ocrx_word' id='word_1_140' title='bbox 991 2314 1048 2360; x_wconf 90' lang='grc'>666</span> <span class='ocrx_word' id='word_1_141' title='bbox 1065 2297 1161 2362; x_wconf 86' lang='grc'><strong>161116</strong></span> <span class='ocrx_word' id='word_1_142' title='bbox 1178 2314 1280 2362; x_wconf 88' lang='grc'><strong>66666</strong></span> 
     </span>
     <span class='ocr_line' id='line_1_20' title="bbox 192 2393 1280 2477; baseline 0.001 -18"><span class='ocrx_word' id='word_1_143' title='bbox 192 2394 336 2459; x_wconf 89' lang='lat' dir='ltr'>octobris</span> <span class='ocrx_word' id='word_1_144' title='bbox 350 2393 448 2469; x_wconf 81' lang='grc'><strong>1611;</strong></span> <span class='ocrx_word' id='word_1_145' title='bbox 465 2394 813 2474; x_wconf 84' lang='lat' dir='ltr'>eodemquebocanno</span> <span class='ocrx_word' id='word_1_146' title='bbox 826 2395 1027 2459; x_wconf 80' lang='grc'><strong>1611166661</strong></span> <span class='ocrx_word' id='word_1_147' title='bbox 1040 2395 1280 2477; x_wconf 84' lang='lat' dir='ltr'>efratrencpos</span> 
     </span>
     <span class='ocr_line' id='line_1_21' title="bbox 190 2492 1280 2575; baseline 0.002 -18"><span class='ocrx_word' id='word_1_148' title='bbox 190 2493 345 2575; x_wconf 87' lang='lat' dir='ltr'>Aegidius</span> <span class='ocrx_word' id='word_1_149' title='bbox 371 2493 487 2574; x_wconf 78' lang='lat' dir='ltr'>Bevus,</span> <span class='ocrx_word' id='word_1_150' title='bbox 505 2492 629 2572; x_wconf 89' lang='lat' dir='ltr'>primus</span> <span class='ocrx_word' id='word_1_151' title='bbox 651 2509 782 2572; x_wconf 87' lang='lat' dir='ltr'>praeses</span> <span class='ocrx_word' id='word_1_152' title='bbox 804 2493 1017 2574; x_wconf 88' lang='lat' dir='ltr'>provisorque</span> <span class='ocrx_word' id='word_1_153' title='bbox 1041 2511 1079 2558; x_wconf 87' lang='lat' dir='ltr'>ex</span> <span class='ocrx_word' id='word_1_154' title='bbox 1094 2495 1280 2561; x_wconf 40' lang='grc'><strong>,1666616116</strong></span> 
     </span>
     <span class='ocr_line' id='line_1_22' title="bbox 190 2590 1279 2676; baseline 0.001 -19"><span class='ocrx_word' id='word_1_155' title='bbox 190 2593 323 2657; x_wconf 88' lang='lat' dir='ltr'>ultimae</span> <span class='ocrx_word' id='word_1_156' title='bbox 341 2590 515 2656; x_wconf 86' lang='lat' dir='ltr'>voluntatis</span> <span class='ocrx_word' id='word_1_157' title='bbox 536 2591 667 2655; x_wconf 91' lang='lat' dir='ltr'>decreto</span> <span class='ocrx_word' id='word_1_158' title='bbox 683 2592 889 2672; x_wconf 84' lang='lat' dir='ltr'>constitutus,</span> <span class='ocrx_word' id='word_1_159' title='bbox 908 2593 1095 2658; x_wconf 88' lang='lat' dir='ltr'>solemniter</span> <span class='ocrx_word' id='word_1_160' title='bbox 1110 2594 1279 2676; x_wconf 83' lang='lat' dir='ltr'>collegium</span> 
     </span>
     <span class='ocr_line' id='line_1_23' title="bbox 191 2689 906 2772; baseline -0.006 -16"><span class='ocrx_word' id='word_1_161' title='bbox 191 2689 319 2772; x_wconf 89' lang='lat' dir='ltr'>aperuit</span> <span class='ocrx_word' id='word_1_162' title='bbox 333 2697 429 2770; x_wconf 88' lang='lat' dir='ltr'>atque</span> <span class='ocrx_word' id='word_1_163' title='bbox 444 2689 600 2754; x_wconf 82' lang='lat' dir='ltr'>aedificiis</span> <span class='ocrx_word' id='word_1_164' title='bbox 616 2690 794 2770; x_wconf 90' lang='lat' dir='ltr'>splendidis</span> <span class='ocrx_word' id='word_1_165' title='bbox 810 2691 906 2754; x_wconf 88' lang='lat' dir='ltr'>auxit.</span> 
     </span>
    </p>

    <p class='ocr_par' dir='ltr' id='par_1_8' title="bbox 188 2787 1277 3051">
     <span class='ocr_line' id='line_1_24' title="bbox 232 2787 1277 2870; baseline 0.003 -19"><span class='ocrx_word' id='word_1_166' title='bbox 232 2789 380 2864; x_wconf 87' lang='lat' dir='ltr'>Domum,</span> <span class='ocrx_word' id='word_1_167' title='bbox 399 2804 491 2868; x_wconf 87' lang='grc'><strong>66616</strong></span> <span class='ocrx_word' id='word_1_168' title='bbox 507 2787 645 2852; x_wconf 87' lang='lat' dir='ltr'>lacobus</span> <span class='ocrx_word' id='word_1_169' title='bbox 660 2787 693 2850; x_wconf 92' lang='lat' dir='ltr'>in</span> <span class='ocrx_word' id='word_1_170' title='bbox 709 2788 880 2870; x_wconf 88' lang='lat' dir='ltr'>collegium</span> <span class='ocrx_word' id='word_1_171' title='bbox 895 2789 1007 2862; x_wconf 85' lang='lat' dir='ltr'>erexit,</span> <span class='ocrx_word' id='word_1_172' title='bbox 1024 2790 1117 2853; x_wconf 88' lang='lat' dir='ltr'>sitam</span> <span class='ocrx_word' id='word_1_173' title='bbox 1132 2791 1277 2870; x_wconf 84' lang='lat' dir='ltr'>proxime</span> 
     </span>
     <span class='ocr_line' id='line_1_25' title="bbox 189 2886 1276 2969; baseline -0.002 -17"><span class='ocrx_word' id='word_1_174' title='bbox 189 2887 275 2969; x_wconf 88' lang='lat' dir='ltr'>apud</span> <span class='ocrx_word' id='word_1_175' title='bbox 297 2886 467 2966; x_wconf 88' lang='lat' dir='ltr'>collegium</span> <span class='ocrx_word' id='word_1_176' title='bbox 489 2886 793 2962; x_wconf 86' lang='lat' dir='ltr'>Winckelianum,a</span> <span class='ocrx_word' id='word_1_177' title='bbox 816 2887 958 2952; x_wconf 82' lang='lat' dir='ltr'>statibus</span> <span class='ocrx_word' id='word_1_178' title='bbox 980 2889 1170 2952; x_wconf 79' lang='lat' dir='ltr'>brabantiae</span> <span class='ocrx_word' id='word_1_179' title='bbox 1192 2889 1276 2952; x_wconf 89' lang='lat' dir='ltr'>idem</span> 
     </span>
     <span class='ocr_line' id='line_1_26' title="bbox 188 2986 479 3051; baseline -0.017 0"><span class='ocrx_word' id='word_1_180' title='bbox 188 2986 329 3051; x_wconf 82' lang='lat' dir='ltr'>Jacobus</span> <span class='ocrx_word' id='word_1_181' title='bbox 345 2993 479 3050; x_wconf 86' lang='lat' dir='ltr'>emerat.</span> 
     </span>
    </p>

    <p class='ocr_par' dir='ltr' id='par_1_9' title="bbox 189 3084 1279 3559">
     <span class='ocr_line' id='line_1_27' title="bbox 232 3084 1279 3165; baseline 0.004 -21"><span class='ocrx_word' id='word_1_182' title='bbox 232 3109 250 3144; x_wconf 78' lang='grc'>6</span> <span class='ocrx_word' id='word_1_183' title='bbox 264 3085 412 3149; x_wconf 88' lang='grc'><strong>66161616</strong></span> <span class='ocrx_word' id='word_1_184' title='bbox 428 3084 639 3148; x_wconf 87' lang='lat' dir='ltr'>admittuntur</span> <span class='ocrx_word' id='word_1_185' title='bbox 654 3085 692 3148; x_wconf 90' lang='lat' dir='ltr'>ad</span> <span class='ocrx_word' id='word_1_186' title='bbox 716 3084 778 3149; x_wconf 91' lang='lat' dir='ltr'>hoc</span> <span class='ocrx_word' id='word_1_187' title='bbox 797 3084 980 3165; x_wconf 86' lang='lat' dir='ltr'>collegium,</span> <span class='ocrx_word' id='word_1_188' title='bbox 998 3093 1029 3149; x_wconf 91' lang='lat' dir='ltr'>et</span> <span class='ocrx_word' id='word_1_189' title='bbox 1053 3085 1279 3164; x_wconf 86' lang='lat' dir='ltr'>philosophiae</span> 
     </span>
     <span class='ocr_line' id='line_1_28' title="bbox 190 3183 1278 3264; baseline -0.002 -15"><span class='ocrx_word' id='word_1_190' title='bbox 190 3185 299 3249; x_wconf 87' lang='lat' dir='ltr'>studio</span> <span class='ocrx_word' id='word_1_191' title='bbox 315 3183 392 3250; x_wconf 88' lang='lat' dir='ltr'>dare</span> <span class='ocrx_word' id='word_1_192' title='bbox 417 3199 548 3262; x_wconf 86' lang='lat' dir='ltr'>operam</span> <span class='ocrx_word' id='word_1_193' title='bbox 571 3191 720 3262; x_wconf 86' lang='lat' dir='ltr'>possunt,</span> <span class='ocrx_word' id='word_1_194' title='bbox 738 3184 792 3263; x_wconf 89' lang='grc'>661</span> <span class='ocrx_word' id='word_1_195' title='bbox 815 3183 854 3246; x_wconf 87' lang='lat' dir='ltr'>de</span> <span class='ocrx_word' id='word_1_196' title='bbox 875 3183 1055 3248; x_wconf 80' lang='lat' dir='ltr'>fundatoris</span> <span class='ocrx_word' id='word_1_197' title='bbox 1071 3184 1227 3264; x_wconf 86' lang='lat' dir='ltr'>sanguine</span> <span class='ocrx_word' id='word_1_198' title='bbox 1243 3201 1278 3248; x_wconf 88' lang='lat' dir='ltr'>se</span> 
     </span>
     <span class='ocr_line' id='line_1_29' title="bbox 189 3281 1277 3364; baseline -0.004 -16"><span class='ocrx_word' id='word_1_199' title='bbox 189 3300 264 3348; x_wconf 90' lang='grc'><strong>6666</strong></span> <span class='ocrx_word' id='word_1_200' title='bbox 280 3281 420 3362; x_wconf 87' lang='lat' dir='ltr'>legitime</span> <span class='ocrx_word' id='word_1_201' title='bbox 435 3281 614 3357; x_wconf 87' lang='lat' dir='ltr'>docuerint,</span> <span class='ocrx_word' id='word_1_202' title='bbox 632 3289 663 3345; x_wconf 94' lang='lat' dir='ltr'>et</span> <span class='ocrx_word' id='word_1_203' title='bbox 678 3281 785 3345; x_wconf 88' lang='lat' dir='ltr'>idonei</span> <span class='ocrx_word' id='word_1_204' title='bbox 801 3283 840 3345; x_wconf 89' lang='lat' dir='ltr'>ad</span> <span class='ocrx_word' id='word_1_205' title='bbox 857 3282 1047 3346; x_wconf 87' lang='lat' dir='ltr'>audiendam</span> <span class='ocrx_word' id='word_1_206' title='bbox 1065 3283 1212 3364; x_wconf 88' lang='lat' dir='ltr'>logicam,</span> <span class='ocrx_word' id='word_1_207' title='bbox 1226 3285 1277 3347; x_wconf 89' lang='lat' dir='ltr'>vel</span> 
     </span>
     <span class='ocr_line' id='line_1_30' title="bbox 190 3379 1277 3462; baseline -0.002 -16"><span class='ocrx_word' id='word_1_208' title='bbox 190 3382 306 3446; x_wconf 86' lang='lat' dir='ltr'>saltem</span> <span class='ocrx_word' id='word_1_209' title='bbox 322 3380 361 3442; x_wconf 91' lang='lat' dir='ltr'>ad</span> <span class='ocrx_word' id='word_1_210' title='bbox 377 3381 484 3443; x_wconf 91' lang='lat' dir='ltr'>locum</span> <span class='ocrx_word' id='word_1_211' title='bbox 501 3379 726 3459; x_wconf 87' lang='lat' dir='ltr'>primariorum</span> <span class='ocrx_word' id='word_1_212' title='bbox 745 3379 991 3462; x_wconf 85' lang='lat' dir='ltr'>in&#39;paedagogio</span> <span class='ocrx_word' id='word_1_213' title='bbox 1007 3381 1277 3462; x_wconf 84' lang='grc'><strong>16611611666111;</strong></span> 
     </span>
     <span class='ocr_line' id='line_1_31' title="bbox 191 3477 1277 3559; baseline -0.001 -16"><span class='ocrx_word' id='word_1_214' title='bbox 191 3481 277 3544; x_wconf 88' lang='lat' dir='ltr'>inter</span> <span class='ocrx_word' id='word_1_215' title='bbox 306 3495 388 3559; x_wconf 87' lang='lat' dir='ltr'>quos</span> <span class='ocrx_word' id='word_1_216' title='bbox 418 3487 523 3542; x_wconf 88' lang='grc'><strong>161666</strong></span> <span class='ocrx_word' id='word_1_217' title='bbox 552 3477 930 3558; x_wconf 78' lang='grc' dir='ltr'><strong>Β6]661616616166161;</strong></span> <span class='ocrx_word' id='word_1_218' title='bbox 958 3479 1034 3544; x_wconf 89' lang='lat' dir='ltr'>item</span> <span class='ocrx_word' id='word_1_219' title='bbox 1062 3479 1277 3544; x_wconf 76' lang='lat' dir='ltr'>lovanienses</span> 
     </span>
    </p>
   </div>
   <div class='ocr_carea' id='block_1_7' title="bbox 188 3573 1457 4252">
    <p class='ocr_par' dir='ltr' id='par_1_10' title="bbox 188 3573 1457 4252">
     <span class='ocr_line' id='line_1_32' title="bbox 189 3573 1277 3668; baseline -0.002 -25"><span class='ocrx_word' id='word_1_220' title='bbox 189 3580 267 3651; x_wconf 92' lang='lat' dir='ltr'>duo,</span> <span class='ocrx_word' id='word_1_221' title='bbox 285 3595 377 3658; x_wconf 88' lang='grc'><strong>6666,</strong></span> <span class='ocrx_word' id='word_1_222' title='bbox 403 3577 485 3641; x_wconf 88' lang='grc'><strong>16616</strong></span> <span class='ocrx_word' id='word_1_223' title='bbox 509 3595 566 3656; x_wconf 90' lang='lat' dir='ltr'>per</span> <span class='ocrx_word' id='word_1_224' title='bbox 581 3577 754 3655; x_wconf 86' lang='lat' dir='ltr'>plebanum</span> <span class='ocrx_word' id='word_1_225' title='bbox 778 3577 935 3668; x_wconf 89' lang='lat' dir='ltr'>ecclesiae</span> <span class='ocrx_word' id='word_1_226' title='bbox 951 3577 1015 3640; x_wconf 91' lang='lat' dir='ltr'>divi</span> <span class='ocrx_word' id='word_1_227' title='bbox 1032 3573 1118 3641; x_wconf 86' lang='lat' dir='ltr'>Petri</span> <span class='ocrx_word' id='word_1_228' title='bbox 1133 3577 1277 3658; x_wconf 88' lang='lat' dir='ltr'>publiea-</span> 
     </span>
     <span class='ocr_line' id='line_1_33' title="bbox 189 3675 1275 3756; baseline -0.006 -12"><span class='ocrx_word' id='word_1_229' title='bbox 189 3678 290 3754; x_wconf 88' lang='lat' dir='ltr'>tione,</span> <span class='ocrx_word' id='word_1_230' title='bbox 308 3675 496 3756; x_wconf 86' lang='lat' dir='ltr'>praesidens</span> <span class='ocrx_word' id='word_1_231' title='bbox 512 3675 655 3756; x_wconf 88' lang='lat' dir='ltr'>elegerit,</span> <span class='ocrx_word' id='word_1_232' title='bbox 673 3683 705 3740; x_wconf 95' lang='lat' dir='ltr'>et</span> <span class='ocrx_word' id='word_1_233' title='bbox 727 3676 866 3740; x_wconf 91' lang='lat' dir='ltr'>dominis</span> <span class='ocrx_word' id='word_1_234' title='bbox 889 3676 1112 3755; x_wconf 89' lang='lat' dir='ltr'>provisoribus</span> <span class='ocrx_word' id='word_1_235' title='bbox 1129 3678 1275 3756; x_wconf 85' lang='grc'><strong>(616666</strong></span> 
     </span>
     <span class='ocr_line' id='line_1_34' title="bbox 189 3773 1457 3856; baseline -0.002 -14"><span class='ocrx_word' id='word_1_236' title='bbox 189 3792 264 3842; x_wconf 91' lang='lat' dir='ltr'>eum</span> <span class='ocrx_word' id='word_1_237' title='bbox 286 3776 354 3840; x_wconf 88' lang='grc'><strong>1616</strong></span> <span class='ocrx_word' id='word_1_238' title='bbox 369 3774 511 3850; x_wconf 89' lang='lat' dir='ltr'>modurn,</span> <span class='ocrx_word' id='word_1_239' title='bbox 529 3790 592 3855; x_wconf 89' lang='lat' dir='ltr'>quo</span> <span class='ocrx_word' id='word_1_240' title='bbox 608 3773 641 3835; x_wconf 91' lang='grc'>16</span> <span class='ocrx_word' id='word_1_241' title='bbox 656 3774 793 3856; x_wconf 89' lang='lat' dir='ltr'>collegio</span> <span class='ocrx_word' id='word_1_242' title='bbox 809 3775 1000 3852; x_wconf 77' lang='grc'><strong>6611661166,</strong></span> <span class='ocrx_word' id='word_1_243' title='bbox 1019 3791 1058 3839; x_wconf 88' lang='lat' dir='ltr'>ex</span> <span class='ocrx_word' id='word_1_244' title='bbox 1073 3774 1277 3839; x_wconf 85' lang='lat' dir='ltr'>facultatibus</span> <span class='ocrx_word' id='word_1_245' title='bbox 1396 3816 1397 3820; x_wconf 17' lang='grc' dir='ltr'>η</span> <span class='ocrx_word' id='word_1_246' title='bbox 1455 3775 1457 3780; x_wconf 81' lang='grc'>’</span> 
     </span>
     <span class='ocr_line' id='line_1_35' title="bbox 190 3872 1277 3956; baseline -0.004 -16"><span class='ocrx_word' id='word_1_247' title='bbox 190 3877 302 3940; x_wconf 85' lang='grc'><strong>666166</strong></span> <span class='ocrx_word' id='word_1_248' title='bbox 327 3872 509 3954; x_wconf 88' lang='lat' dir='ltr'>theologiae</span> <span class='ocrx_word' id='word_1_249' title='bbox 533 3880 565 3938; x_wconf 91' lang='lat' dir='ltr'>et</span> <span class='ocrx_word' id='word_1_250' title='bbox 586 3872 671 3954; x_wconf 90' lang='lat' dir='ltr'>juris</span> <span class='ocrx_word' id='word_1_251' title='bbox 697 3873 865 3954; x_wconf 86' lang='lat' dir='ltr'>utriusque</span> <span class='ocrx_word' id='word_1_252' title='bbox 891 3873 966 3956; x_wconf 90' lang='lat' dir='ltr'>eligi</span> <span class='ocrx_word' id='word_1_253' title='bbox 992 3873 1142 3937; x_wconf 87' lang='lat' dir='ltr'>fundator</span> <span class='ocrx_word' id='word_1_254' title='bbox 1167 3872 1277 3950; x_wconf 78' lang='lat' dir='ltr'>voluit)</span> 
     </span>
     <span class='ocr_line' id='line_1_36' title="bbox 188 3971 1279 4054; baseline 0 -18"><span class='ocrx_word' id='word_1_255' title='bbox 188 3972 405 4038; x_wconf 89' lang='lat' dir='ltr'>instituendos</span> <span class='ocrx_word' id='word_1_256' title='bbox 421 3971 590 4047; x_wconf 92' lang='lat' dir='ltr'>obtulerit;</span> <span class='ocrx_word' id='word_1_257' title='bbox 609 3971 663 4052; x_wconf 90' lang='lat' dir='ltr'>qui</span> <span class='ocrx_word' id='word_1_258' title='bbox 679 3971 775 4038; x_wconf 90' lang='lat' dir='ltr'>etiam</span> <span class='ocrx_word' id='word_1_259' title='bbox 791 3973 853 4038; x_wconf 89' lang='lat' dir='ltr'>nisi</span> <span class='ocrx_word' id='word_1_260' title='bbox 869 3990 917 4037; x_wconf 88' lang='lat' dir='ltr'>ex·</span> <span class='ocrx_word' id='word_1_261' title='bbox 927 3972 1014 4054; x_wconf 84' lang='lat' dir='ltr'>justa</span> <span class='ocrx_word' id='word_1_262' title='bbox 1031 3988 1129 4036; x_wconf 88' lang='grc'><strong>66666</strong></span> <span class='ocrx_word' id='word_1_263' title='bbox 1144 3971 1279 4052; x_wconf 88' lang='lat' dir='ltr'>rejicere</span> 
     </span>
     <span class='ocr_line' id='line_1_37' title="bbox 189 4069 1278 4152; baseline -0.002 -16"><span class='ocrx_word' id='word_1_264' title='bbox 189 4071 252 4136; x_wconf 94' lang='lat' dir='ltr'>sibi</span> <span class='ocrx_word' id='word_1_265' title='bbox 274 4070 416 4136; x_wconf 89' lang='lat' dir='ltr'>oblatum</span> <span class='ocrx_word' id='word_1_266' title='bbox 439 4087 504 4137; x_wconf 90' lang='lat' dir='ltr'>non</span> <span class='ocrx_word' id='word_1_267' title='bbox 527 4075 690 4150; x_wconf 89' lang='lat' dir='ltr'>poterunt.</span> <span class='ocrx_word' id='word_1_268' title='bbox 714 4071 842 4152; x_wconf 85' lang='lat' dir='ltr'>Reliqui</span> <span class='ocrx_word' id='word_1_269' title='bbox 864 4089 942 4138; x_wconf 92' lang='lat' dir='ltr'>vero</span> <span class='ocrx_word' id='word_1_270' title='bbox 964 4071 1004 4135; x_wconf 85' lang='lat' dir='ltr'>ad</span> <span class='ocrx_word' id='word_1_271' title='bbox 1026 4071 1156 4136; x_wconf 88' lang='lat' dir='ltr'>bursam</span> <span class='ocrx_word' id='word_1_272' title='bbox 1181 4069 1278 4135; x_wconf 87' lang='lat' dir='ltr'>adsu-</span> 
     </span>
     <span class='ocr_line' id='line_1_38' title="bbox 190 4159 1278 4252; baseline -0.001 -16"><span class='ocrx_word' id='word_1_273' title='bbox 190 4169 297 4236; x_wconf 91' lang='lat' dir='ltr'>mendi</span> <span class='ocrx_word' id='word_1_274' title='bbox 313 4169 429 4236; x_wconf 89' lang='lat' dir='ltr'>artium</span> <span class='ocrx_word' id='word_1_275' title='bbox 445 4168 590 4250; x_wconf 90' lang='lat' dir='ltr'>magistri</span> <span class='ocrx_word' id='word_1_276' title='bbox 606 4169 685 4235; x_wconf 70' lang='lat' dir='ltr'>ess‘e&#39;</span> <span class='ocrx_word' id='word_1_277' title='bbox 695 4170 825 4243; x_wconf 90' lang='lat' dir='ltr'>debent,</span> <span class='ocrx_word' id='word_1_278' title='bbox 843 4170 897 4252; x_wconf 88' lang='lat' dir='ltr'>qui</span> <span class='ocrx_word' id='word_1_279' title='bbox 912 4159 1083 4236; x_wconf 88' lang='lat' dir='ltr'>honestum</span> <span class='ocrx_word' id='word_1_280' title='bbox 1099 4168 1132 4232; x_wconf 91' lang='lat' dir='ltr'>in</span> <span class='ocrx_word' id='word_1_281' title='bbox 1148 4185 1278 4248; x_wconf 90' lang='lat' dir='ltr'>promo·</span> 
     </span>
    </p>
   </div>
   <div class='ocr_carea' id='block_1_8' title="bbox 0 0 1534 4952">
    <p class='ocr_par' dir='ltr' id='par_1_11' title="bbox 0 0 1534 4952">
     <span class='ocr_line' id='line_1_39' title="bbox 0 0 1534 4952; baseline 0 1"><span class='ocrx_word' id='word_1_282' title='bbox 0 0 1534 4952; x_wconf 95' lang='lat' dir='ltr'> </span> 
     </span>
    </p>
   </div>
  </div>
 </body>
</html>
