3036 4946
618 438 803 502 -aot-'

163 618 230 663 arus
250 599 255 683 Ι
274 619 360 664 runis
375 619 437 666 xvu
455 621 531 666 arun
550 601 684 667 Ancurae
709 619 806 666 neuun
833 618 959 665 LEGht'tts
985 617 1144 664 conrrnuus
1163 599 1168 682 Ι
1188 599 1252 662 Duo

163 717 307 762 contecta
331 717 389 764 tun
413 719 469 764 noc
494 721 552 766 run
578 704 818 766 hunnssutevse
843 717 981 764 rusrrrurr
1007 717 1129 769 snrsoun
1152 717 1253 763 orrens

163 816 300 863 noravrr.

206 896 341 962 «Porro
358 897 616 964 burressiacense
638 898 809 980 collegium
836 897 948 963 schola
963 905 1012 963 est
1028 896 1252 961 humaniorum
1299 900 1302 908 '

160 995 329 1060 literarum
342 1012 359 1061 a
372 996 552 1078 Chapupsio
565 1013 630 1062 non
643 997 759 1063 minori
772 995 1029 1078 sumptmmaJori
1043 996 1152 1059 forsan
1163 1011 1252 1076 mag·

163 1094 326 1159 nificentia
342 1105 533 1172 extructum,
559 1114 748 1179 quamquam
772 1106 803 1162 et
825 1096 1022 1162 lovaniense
1042 1093 1252 1175 conspicuum

164 1202 215 1259 est
239 1193 438 1275 elegantibus
454 1206 487 1260 et
513 1197 628 1277 amplis
643 1196 811 1272 aediliciis
829 1195 981 1260 anteriori
1003 1191 1202 1274 praesertim,
1218 1191 1252 1254 in

104 1327 105 1336 κ
162 1309 228 1374 quo
243 1293 448 1373 splendidum
463 1295 629 1360 sacellum.
647 1295 684 1358 ln
703 1295 765 1360 hoc
789 1293 980 1360 lovaniensi
1002 1291 1153 1367 bersarii,
1170 1306 1251 1372 quos

161 1400 293 1468 vocant,
321 1393 519 1475 recipiuntur
544 1411 562 1459 e
588 1394 745 1459 sabaudia
769 1393 898 1459 oriundi
924 1392 1019 1472 (unde
1040 1391 1086 1454 illi
1109 1391 1248 1467 nomen),

161 1491 369 1572 potissimum
394 1509 472 1557 vero
494 1494 771 1559 Annessiacenses
796 1500 850 1558 ant
874 1493 1070 1573 prodeuntes
1097 1508 1115 1554 e
1141 1487 1252 1553 schola

162 1591 428 1668 Anhessiaeensi‚
445 1608 527 1673 quos
550 1593 677 1657 adferre
699 1601 826 1674 oportet
850 1591 960 1657 literas
976 1606 1055 1656 suae
1070 1585 1250 1669 probitatis,

164 1689 331 1753 doctrinae
347 1697 378 1754 et
393 1691 588 1772 paupertatis
604 1700 716 1768 testes,
734 1691 773 1755 ab
792 1690 862 1772 ejus
884 1690 1015 1755 scholae
1030 1685 1251 1770 provisoribus

165 1786 269 1861 datas,
288 1787 342 1868 qui
358 1796 432 1853 sunt
448 1789 590 1854 decanus
605 1789 716 1856 beatae
731 1789 848 1854 llariae
863 1787 1004 1868 Virginis
1016 1786 1144 1858 lethae,
1163 1783 1252 1866 prior

163 1886 355 1951 monasterii
371 1887 473 1952 sancti
489 1889 660 1965 Dominici,
677 1889 802 1954 ordinis
829 1888 1100 1961 praedicatorum,
1128 1893 1159 1948 et
1179 1900 1250 1964 syn·

163 1985 228 2048 diei
245 1985 345 2066 opidi.
374 1985 457 2051 Dare
482 1987 528 2050 illi
556 2003 689 2068 operam
715 1987 896 2052 rhetoricae
922 1997 953 2051 et
980 1981 1202 2066 philosophiae
1217 1981 1250 2044 in

163 2083 333 2164 gymnasio
349 2084 516 2163 Porcensi,
544 2086 661 2152 deinde
686 2087 869 2167 theologiae
884 2096 938 2150 aut
954 2083 1018 2166 iuri
1035 2082 1162 2162 utrique
1177 2096 1252 2161 pos-

164 2191 254 2258 sunt,
287 2182 343 2248 sed
373 2184 516 2248 adhibito
545 2185 704 2265 praesidis
733 2202 771 2250 ac
800 2185 1004 2267 provisorum
1033 2180 1171 2247 oonsilio
1200 2178 1252 2258 lita

164 2281 253 2346 enirn
272 2281 450 2347 decernunt
466 2292 584 2348 statuta
609 2284 648 2348 ab
671 2285 742 2365 ipso
765 2285 933 2350 fundatore
956 2278 1175 2363 praescripta),
1197 2279 1250 2359 qui

162 2396 282 2461 rogare
298 2380 464 2446 bursarios
480 2383 599 2447 debent
617 2384 657 2448 de
673 2384 756 2449 vitae
780 2400 892 2464 scopo,
910 2397 1085 2462 eorumque
1112 2393 1250 2459 propen-

163 2477 294 2543 sionem
309 2479 438 2556 intueri,
466 2504 483 2542 u
508 2490 541 2545 ut
566 2481 641 2546 illos
666 2481 705 2546 ad
728 2499 766 2546 ea
784 2480 1056 2561 studiadirigant.
1074 2475 1251 2558 quaeipsis

161 2599 181 2636 n
200 2579 379 2642 secundum
405 2581 505 2644 Deum
535 2589 567 2646 et
596 2581 774 2646 animarum
803 2580 939 2645 salutem
963 2577 1157 2642 videbuntur
1182 2574 1251 2639 scre

160 2697 180 2734 »
199 2675 346 2752 utiliora;
364 2677 397 2740 in
419 2677 548 2760 quibus
566 2679 594 2744 si
610 2696 647 2745 se
662 2679 864 2744 laudabiliter
879 2676 1053 2760 gesserint,
1071 2671 1250 2738 continuari

161 2796 181 2833 »
200 2780 351 2854 poterunt
364 2775 398 2838 in
414 2777 550 2858 collegio
566 2779 605 2842 ad
621 2778 733 2842 decem
745 2794 848 2843 annos
861 2785 934 2856 post
946 2774 1087 2839 studium
1100 2771 1250 2835 artium.»

158 2872 282 2937 lubeat
297 2873 407 2938 eadem
424 2874 580 2940 celebrari
600 2866 772 2957 quotannis
793 2872 1047 2939 anniversarium
1063 2887 1122 2951 pro
1138 2868 1250 2934 lurida·

161 2983 237 3036 tore
252 2971 406 3048 officium,
423 2996 441 3032 n
457 2983 489 3038 et
504 2974 617 3040 eodem
630 2974 681 3040 die
693 2975 725 3038 in
742 2991 842 3040 coena
865 2973 927 3039 erit
941 2970 1073 3053 pitantia
1088 2984 1160 3033 oum
1176 2966 1251 3031 vino

159 3093 181 3130 »
199 3069 375 3146 Rhenensi,
392 3071 436 3136 ita
451 3071 536 3152 quod
552 3072 670 3154 singuli
684 3081 820 3154 quatuor
836 3072 972 3136 habeant
988 3084 1085 3134 unum
1101 3065 1250 3147 poculum

160 3192 180 3228 >›
197 3168 265 3231 vini
277 3185 428 3233 mensura
439 3169 643 3235 Lovaniensi.
656 3171 695 3234 Et
706 3170 820 3236 eodem
832 3169 928 3236 modo
938 3165 1151 3234 celebrabitur
1162 3162 1252 3228 anni-

159 3291 180 3326 »
197 3267 378 3331 versarium
394 3267 498 3332 Caroli
516 3268 550 3346 V,
567 3270 724 3350 postridie
741 3269 934 3334 Matthiae.»
949 3267 1067 3332 Volunt
1082 3273 1113 3329 et
1128 3261 1251 3328 servari

159 3365 310 3448 quotidie
326 3389 342 3425 u
359 3367 398 3430 ab
413 3367 564 3434 omnibus
580 3369 756 3452 collegistis
771 3368 934 3434 silentium
939 3415 1001 3432 .....
1029 3380 1122 3429 mane
1149 3377 1251 3442 usqne

156 3487 178 3524 >)
197 3463 238 3528 ad
266 3475 406 3544 tempus,
434 3483 498 3546 quo
525 3467 664 3532 eundum
680 3477 731 3532 est
745 3468 784 3531 ad
808 3458 936 3533 scholas
953 3465 1107 3547 publicas,
1131 3469 1250 3542 etpost

158 3585 179 3622 >2
197 3561 367 3628 meridiem
393 3580 411 3627 a
426 3573 582 3644 tempore,
608 3583 671 3647 quo
688 3565 796 3631 linitae
811 3576 887 3630 sunt
900 3565 1068 3638 lectiones,
1092 3557 1248 3642 usquead

158 3683 180 3721 »
197 3677 333 3725 coenam
349 3680 385 3738 »3
403 3670 568 3743 praeterea
585 3672 617 3728 ut
630 3664 769 3728 bursarii
784 3664 817 3727 in
832 3671 968 3746 quatuor
983 3661 1075 3727 lestis
1091 3657 1250 3742 principa·

158 3759 248 3824 libus
263 3759 338 3822 anni
354 3770 385 3825 et
400 3760 492 3826 lestis
508 3762 620 3828 beatae
635 3763 752 3829 blariae
770 3763 910 3845 Virginis
935 3762 1018 3844 apud
1043 3760 1168 3841 plebem
1194 3774 1249 3824 so-

158 3857 559 3936 lemnibusconliteantur,
573 3863 885 3943 communicentque,
900 3861 1047 3944 praeside
1059 3858 1248 3940 providente

158 3957 212 4046 eis
228 3957 269 4022 de
283 3959 483 4024 confessario
500 3960 559 4041 pio
577 3969 608 4025 et
634 3961 795 4042 prudenti,
823 3961 877 4043 qui
904 3977 963 4042 pro
988 3959 1057 4024 suis
1083 3957 1247 4022 laboribus

160 4056 362 4137 stipendium
385 4057 537 4140 accipiat3
555 4059 612 4126 sed
628 4060 668 4125 de
680 4061 731 4125 bis
748 4060 882 4126 multum
899 4077 958 4126 usu
975 4059 1122 4125 exolevit.

206 4177 225 4212 u
241 4154 390 4222 Succedit
404 4165 511 4222 autem
527 4180 558 4234 n,
577 4168 610 4224 ut
632 4159 665 4223 in
684 4159 778 4226 dictis
793 4160 919 4242 legibus
935 4159 1127 4236 continetur,
1145 4180 1162 4217 u
1179 4155 1245 4222 col·
