3090 4956
631 375 757 454 -aac
832 469 835 475 .

393 571 418 634 l.
442 571 611 636 Cottaorun
627 589 799 636 rnovructas
815 572 1056 636 nucum-unsis.
1089 585 1090 588 ’

222 717 322 798 liuius
334 717 456 798 primus
472 719 620 784 fundator
635 728 695 792 est,
711 731 804 800 prout
819 721 858 784 ad
874 737 992 784 annum
1009 720 1087 783 1191
1105 719 1260 795 substitit,

181 815 333 881 Claudius
349 817 495 899 Verrydt
515 828 607 883 natus
631 820 821 884 Mechliniae
837 821 875 882 ld
893 819 1044 885 februarii
1067 819 1157 892 1558,
1175 826 1265 898 patre

181 919 274 980 Petro
299 916 572 997 Verrydtsmatre
597 917 771 999 Margareta
797 935 858 982 van
884 919 998 998 lleyst,
1027 917 1204 998 baptizatus
1232 917 1264 982 in

182 1015 320 1080 eeclesia
344 1016 518 1104 parochiali
535 1017 636 1082 sancti
652 1017 783 1082 loannis
804 1017 977 1098 Baptistae.
995 1016 1072 1080 Cum
1094 1017 1126 1080 in
1151 1018 1263 1086 buma-

185 1113 328 1180 nioribus
352 1115 466 1180 studiis
489 1124 608 1198 ageret,
626 1125 693 1181 erat
716 1116 831 1180 eximio
847 1116 916 1180 viro
940 1115 1069 1180 domino
1088 1114 1266 1194 Augustino

185 1212 351 1306 Hunnaeo,
371 1213 604 1290 Mechliniensi‚
622 1231 733 1278 sacrae
751 1214 931 1296 theologiae
954 1213 1079 1278 doctori
1094 1223 1125 1278 et
1141 1212 1266 1293 profes-

183 1311 262 1381 sori,
276 1311 316 1374 ab
328 1311 510 1393 obsequiis;
529 1313 602 1378 dein
619 1330 675 1393 per
691 1313 858 1378 duodecim
875 1330 976 1378 annos
994 1313 1121 1392 collegii
1135 1312 1264 1393 majoris
1278 1331 1281 1336 ·

184 1409 408 1488 theologorum
428 1410 588 1485 alumnus,
606 1428 718 1476 sacrae
741 1412 920 1491 theologiae
936 1411 1136 1486 licentiatus;
1155 1417 1268 1499 postea

184 1508 359 1574 canonicus
375 1519 406 1574 et
421 1508 642 1574 thesaurarius
658 1527 696 1574 ex
711 1499 834 1575 decano
846 1510 976 1590 capituli
992 1509 1094 1572 sancti
1110 1507 1267 1573 hermetis

184 1605 352 1680 Rothnaci‚
371 1615 480 1686 pastor
496 1607 534 1670 ad
551 1618 692 1672 sanctam
706 1608 912 1690 Walburgem
928 1607 1130 1672 Aldenardae
1153 1624 1268 1672 socun-

183 1703 243 1792 dae
259 1705 425 1784 portionis,
443 1713 475 1770 et
490 1706 635 1787 ejusdem
651 1707 777 1772 concilii
795 1725 852 1772 seu
869 1707 1036 1772 districtus
1052 1707 1203 1770 decanus,

228 1803 413 1879 Primum,8
436 1805 508 1885 maji
532 1805 623 1880 1609,
642 1823 749 1870 coram
773 1806 913 1870 scabinis
931 1805 1188 1890 'horaniensibus
1212 1803 1268 1880 do·

186 1903 314 1980 natione
329 1904 516 1968 interrivos
532 1905 675 1970 fundavit
691 1905 821 1969 bursam
838 1921 931 1969 unam
949 1903 1112 1984 sexaginta
1129 1902 1267 1978 floreno-

186 2019 256 2065 rum
272 2003 305 2064 in
321 2003 432 2083 majori
448 2004 671 2084 theologorum
693 1995 840 2086 collegio.
859 2005 950 2068 Anno
969 1997 1056 2079 1615,
1075 2003 1114 2066 11
1130 2010 1268 2082 septem·

186 2101 266 2169 bris.
283 2118 390 2165 coram
415 2103 554 2166 scabinis
578 2104 830 2168 lovaniensibus
853 2104 886 2167 in
910 2103 1010 2184 prima
1029 2101 1099 2186 (cic)
1122 2102 1268 2166 similiter

187 2200 360 2266 donatione
389 2201 471 2264 inter
499 2201 589 2266 vivos
616 2203 758 2268 fundavit
787 2203 902 2266 bursas
929 2203 1040 2266 decem
1070 2202 1102 2264 in
1131 2200 1268 2280 collegio

187 2299 407 2370 Mechliniensi
424 2301 455 2362 in
472 2301 685 2366 Universitate
700 2302 760 2366 hac
776 2302 978 2372 Louaniensi,
993 2301 1165 2382 quamlibet
1181 2316 1267 2364 sexa·

188 2399 275 2478 ginta
304 2399 498 2464 florenorum
529 2417 654 2476 annue;
686 2417 780 2481 quam
810 2401 1029 2464 fundationem
1059 2400 1185 2474 deinde,
1219 2397 1271 2462 dio

189 2498 228 2559 19
244 2499 386 2562 octobris
402 2499 543 2579 ejusdem
564 2499 638 2562 anni
655 2499 746 2573 lonc,
764 2516 872 2563 coram
896 2498 1036 2562 scabinis
1053 2497 1270 2561 Aldenarden-

188 2597 278 2660 sibus
301 2598 465 2662 renovavit
487 2607 519 2662 et
540 2598 623 2662 auxit
646 2597 685 2660 ad
708 2597 767 2660 300
787 2597 928 2660 florenos
951 2613 1093 2668 ammom
1111 2605 1205 2674 atque
1227 2595 1270 2658 ita
1382 2620 1384 2624 ¹

189 2697 347 2777 quaelibet
363 2697 458 2760 bursa
475 2704 542 2761 erat
555 2697 727 2776 nonaginta
749 2696 945 2777 florenorum
956 2695 1043 2775 juxta
1065 2693 1270 2758 conditiones
1292 2737 1294 2741 -

190 2796 285 2859 latius
307 2796 339 2858 in
362 2796 455 2860 dictis
471 2796 572 2860 literis
595 2795 812 2858 scabinalibus
828 2809 1008 2872 expressas.
1036 2791 1091 2856 His
1116 2808 1269 2871 praesens

192 2895 301 2960 aderat
316 2895 512 2958 reverendus
534 2893 683 2957 dominus
698 2893 856 2956 Adrianus
872 2894 984 2966 Baetra,
1000 2891 1081 2971 juris
1106 2891 1272 2970 utriusque

191 2995 314 3066 doctor,
338 2994 513 3070 canonicus
539 3002 570 3056 et
596 3000 708 3056 cantor
729 2991 768 3054 ad
791 2992 898 3056 divum
923 2991 1047 3056 Petrum
1074 2989 1214 3060 lovanii,
1241 2998 1271 3053 et

191 3092 317 3173 collegii
332 3091 492 3172 trilinguis
509 3090 636 3154 lovanii
651 3107 793 3170 praeses,
811 3090 849 3152 ad
866 3091 927 3153 hoc
943 3087 1125 3168 specialiter
1140 3087 1271 3166 deputa·

193 3199 242 3254 tus
258 3187 578 3273 (pedemontanam
594 3197 682 3270 parte
701 3189 810 3268 oppidi
826 3187 1065 3252 ltleohliniensis
1082 3185 1184 3249 literis
1200 3197 1279 3248 soa·

194 3289 352 3372 binalibus
368 3289 427 3352 sub
450 3288 556 3369 sigillo
579 3289 617 3350 ad
641 3303 766 3359 causas,
784 3285 977 3365 subscriptis
997 3286 1048 3348 lla
1067 3284 1177 3363 aprilis
1193 3281 1273 3345 told

195 3405 251 3469 per
266 3387 486 3452 Paeffenrode.
504 3387 562 3462 Qui
577 3385 733 3448 Adrianus
749 3386 851 3449 Baecx
870 3384 985 3448 dictam
1002 3381 1220 3445 fundationem
1243 3390 1274 3444 et

194 3486 387 3552 dotationem
410 3494 500 3567 grato
515 3485 621 3574 animo
642 3484 826 3564 acceptarit,
845 3483 888 3547 uti
912 3482 1037 3562 collegii
1059 3479 1153 3560 hujus
1169 3479 1273 3544 blech·

196 3585 342 3650 liniensis
366 3602 496 3666 praeses
520 3583 714 3648 constitutus
736 3583 774 3646 ab
797 3591 880 3646 anno
903 3581 993 3656 1615,
1012 3581 1095 3661 quod
1120 3587 1195 3643 tuno
1218 3594 1274 3641 no·

196 3685 280 3749 mine
295 3685 420 3748 extabat
435 3702 472 3748 ex
489 3684 673 3747 fundatione
686 3681 817 3746 Arnoldi
832 3682 918 3755 Trot‚
934 3681 1060 3746 tametsi
1077 3676 1274 3758 collegialem

196 3785 325 3848 domurn
342 3800 405 3848 nou
422 3781 564 3847 haberet.

236 3883 345 3964 ltaque
368 3881 628 3962 praenominatus
654 3879 804 3943 dominus
827 3877 976 3942 Claudius
998 3877 1134 3958 Verrydt
1156 3893 1195 3940 cx
1218 3873 1277 3938 hac

197 3998 253 4046 sua
274 3982 384 4046 decem
399 3981 568 4044 bursarum
592 3978 777 4042 fundatione
799 3975 922 4056 primus
944 3975 1068 4056 collegii
1087 3975 1181 4055 hujus
1203 3966 1278 4036 novi

181 4079 380 4163 „provinciae
395 4076 634 4144 Mechliniensis
650 4077 798 4140 fundator
811 4074 965 4149 dicendus
982 4084 1052 4148 est;
1071 4071 1277 4150 substititque

181 4237 193 4246 .
281 4199 327 4242 ut.
721 4235 724 4238 .
1156 4172 1194 4236 34
