3036 4946
617 453 802 516 -hbl-

169 625 393 696 praesentetur
404 617 647 699 idoneus,nuod
659 627 737 684 tunc
748 617 931 700 provisores
944 624 1094 697 poterunt
1106 617 1254 682 conferre
1288 632 1291 639 ·

168 715 275 780 locum
302 723 469 782 vacantem
496 716 590 781 alicui
616 717 733 782 idoneo
760 734 799 782 cx
824 715 942 798 oppido
968 715 1171 802 lovaniensi,
1199 716 1253 796 qui

168 823 274 880 tamen
291 817 408 880 cedere
423 816 528 890 debet,
550 816 604 895 ubi
619 815 757 897 primum
772 813 888 898 aliquis
907 831 1059 897 egerere
1074 814 1253 879 fundatoris

168 929 242 978 sese
257 912 422 978 obtulerit.

208 1011 354 1076 Bursarii
369 1012 556 1077 assumendi
572 1012 679 1077 idonei
703 1012 820 1078 debent
842 1029 915 1078 esse
931 1011 970 1076 ad
994 1011 1188 1076 rhetoricam
1202 1011 1253 1075 vel

167 1109 416 1190 philosophiam,
440 1111 736 1192 paedagogiumque
762 1110 833 1174 hilii
861 1111 1063 1192 frequentare
1086 1117 1252 1186 tenentum

166 1208 242 1274 dein
258 1209 439 1291 theologiae
454 1210 503 1274 vel
520 1209 793 1291 jurisprudentiae
808 1225 939 1290 operam
955 1211 1033 1274 dare
1048 1217 1199 1290 poterunt
1222 1216 1254 1272 et

169 1307 504 1389 frequentaredebent
515 1308 643 1373 scholas
655 1308 833 1389 respective
845 1308 1042 1390 theologicas
1055 1315 1086 1373 et
1097 1307 1251 1390 publicas,

167 1414 264 1487 prout
279 1407 375 1471 latius
393 1406 427 1470 in
447 1406 507 1470 hae
522 1406 709 1472 fundatione
724 1407 919 1472 continetur.

210 1527 228 1563 (ι
244 1505 283 1568 Ut
299 1512 406 1569 autem
419 1503 557 1568 bursarii
581 1505 690 1569 bursis
713 1504 870 1586 eiusmodi
890 1504 1029 1587 gaudere
1045 1505 1181 1585 possint,
1199 1504 1254 1568 de-

164 1605 245 1669 bent
268 1593 375 1668 idonei
392 1620 465 1668 esse
481 1603 520 1666 ad
537 1603 678 1667 studium
694 1603 885 1682 rhetorices,
906 1610 972 1669 tum
1002 1604 1132 1670 studere
1148 1603 1253 1684 philo-

164 1703 314 1783 sophiae,
331 1703 363 1766 in
379 1719 441 1784 qua
457 1703 484 1766 si
501 1709 575 1767 ante
595 1703 735 1768 medium
750 1701 888 1784 promoti
903 1703 1032 1782 luerint,
1049 1704 1164 1770 iisdem
1190 1703 1253 1768 lrui

164 1810 305 1882 possunt
320 1801 358 1865 ad
375 1801 479 1866 studia
496 1801 564 1866 sive
585 1801 766 1883 theologica
782 1802 850 1868 siue
869 1802 1017 1884 jnrldica.
1036 1803 1115 1868 Sunt
1130 1803 1163 1866 in
1185 1803 1253 1868 col·

161 1900 251 1981 legio
278 1908 404 1981 praeter
433 1899 535 1963 dictas
572 1900 687 1965 bursas
720 1901 839 1965 aliae...
871 1900 968 1965 annui
1005 1917 1063 1965 sex
1098 1901 1252 1965 librarum

160 2016 366 2080 grossorum,
382 2008 415 2064 ut
430 2007 557 2074 vocant,
575 2007 761 2079 proventus,
780 2000 904 2064 dandae
919 2000 1099 2064 fundatoris
1115 2016 1252 2064 consan⁴

161 2098 303 2180 guincis,
321 2098 396 2162 dum
419 2098 664 2166 humanioribus
680 2098 782 2163 literis
798 2108 913 2164 navant
928 2115 1070 2180 operam.
1096 2100 1251 2165 Patronus

161 2198 235 2263 sive
249 2197 420 2262 bursarum
435 2197 608 2262 collatores
625 2205 780 2278 perpetuo
804 2198 930 2264 futuros
951 2199 1056 2263 sanxit
1072 2199 1157 2263 idem
1179 2199 1251 2264 lun·

159 2301 257 2363 dator
268 2308 412 2362 curatum
425 2305 457 2362 et
469 2297 640 2378 magistros
652 2298 791 2363 fabricae
814 2299 971 2364 ccclesiae
993 2298 1250 2364 devolclerino-

158 2398 258 2472 hove,
277 2405 350 2476 post
364 2404 470 2461 tamen
486 2411 580 2477 quam
593 2413 631 2461 eo
644 2396 716 2477 jnre
733 2397 824 2477 potiti
848 2407 958 2464 esseut
973 2397 1138 2478 Remigius
1155 2397 1249 2462 briu-

160 2498 242 2572 tius,
261 2507 327 2562 tum
343 2497 558 2577 praepositus,
577 2507 688 2579 postea
707 2499 881 2580 episcopus
897 2499 1084 2581 Brugensis‚
1102 2507 1134 2564 et
1154 2499 1250 2580 hujus

161 2612 269 2676 nepos
285 2595 496 2676 cognominis,
512 2595 595 2676 iuris
611 2596 779 2678 utriusque
794 2597 989 2671 licentiatus,
1009 2597 1252 2678 canonicusque

158 2702 193 2761 et
218 2694 362 2760 officialis
386 2695 575 2776 Brugensis‚
603 2711 684 2775 quos
706 2695 801 2760 etiam
825 2696 953 2778 collegii
969 2695 1156 2777 provisores
1174 2713 1248 2762 esse

157 2792 273 2857 voluit.
303 2793 350 2857 nb
374 2810 486 2858 eorum
509 2801 614 2858 autem
640 2793 728 2858 obitu
752 2794 938 2874 provisores
962 2793 1138 2858 nominavit
1153 2792 1249 2858 binos

148 2882 320 2958 ¹ecclcsiae
345 2891 409 2956 divi
436 2891 520 2956 Petri
547 2892 732 2967 canonicos,
761 2909 863 2973 eoque
889 2892 1019 2956 nominc
1042 2893 1247 2972 professores

156 2989 344 3056 ordinarios
371 3009 378 3055 :
407 2990 542 3055 alterum
569 3006 680 3055 sacrae
703 2991 883 3072 theologiae
908 2999 938 3054 et
964 2990 1050 3054 bunc
1071 2990 1246 3064 seniorem,

156 3089 297 3152 alterum
312 3088 394 3168 jnris
411 3088 568 3165 canonici,
587 3105 660 3154 eum
676 3105 802 3169 nempe,
820 3089 874 3170 qui
897 3088 1011 3153 diebus
1027 3088 1198 3153 dominicis
1215 3097 1246 3153 et

158 3186 255 3254 lestis
265 3187 406 3267 aliisque
421 3186 586 3252 ferialibus
601 3188 707 3252 docet.
728 3209 746 3245 a
762 3187 809 3251 lta
822 3187 948 3257 Pnouor.

200 3382 326 3446 Primus
347 3383 473 3464 collegii
500 3392 655 3464 patronus
682 3383 740 3447 suit
765 3382 1058 3448 reverendissimus
1081 3381 1246 3464 Remigius

152 3482 310 3554 Driutius,
328 3482 504 3563 Brugensis
520 3483 703 3563 episcopus.
722 3481 780 3546 llic
796 3481 951 3548 oriundus
978 3500 1017 3547 ex
1042 3481 1246 3546 Volclrerinc-

155 3583 245 3646 hove
268 3580 441 3645 Lovarrium
458 3589 591 3644 vocatus
607 3589 750 3660 apatruo
767 3597 831 3644 suo·
842 3581 1020 3659 (eratenim
1037 3581 1123 3646 lilius
1138 3580 1245 3644 Remi-

152 3680 214 3761 gii,
229 3679 316 3744 unici
329 3679 510 3743 lundatoris
520 3678 684 3743 ldichadlis
699 3678 819 3754 fratris,
830 3688 860 3744 et
876 3679 1066 3745 catharinae
1081 3680 1244 3757 Fenaerts)

150 3777 325 3854 Micbadle,
340 3777 422 3858 iuris
440 3778 607 3859 utriusque
623 3778 756 3842 doctore
782 3786 813 3844 et
838 3778 1037 3858 professore;
1067 3779 1127 3842 sub
1150 3777 1244 3858 cuius

149 3876 374 3940 moderamine
391 3875 507 3940 studiis
524 3875 672 3956 juridicis
696 3875 840 3940 incubuit
866 3892 905 3940 eo
925 3876 1030 3940 fructu
1052 3885 1147 3958 atque
1169 3892 1244 3940 suc-

146 3992 261 4049 cessu,
282 3984 315 4040 ut
335 3974 418 4056 juris
439 3975 609 4056 utriusque
637 3975 785 4039 licentiae
810 3974 944 4056 gradum
970 3977 1106 4056 adeptus
1135 3976 1188 4053 sit,
1212 3983 1244 4040 et

147 4075 193 4138 13
202 4073 283 4154 junii
299 4073 392 4150 loll,
409 4073 522 4137 aetatis
538 4055 577 4139 bb
593 4087 761 4147 annorum,
780 4073 863 4153 iuris
881 4073 985 4138 civilis
1009 4075 1176 4154 professor
1191 4090 1243 4138 or-

150 4172 302 4238 dinarius
318 4181 413 4253 atque
428 4169 461 4233 in
480 4171 544 4238 divi
560 4170 645 4236 Petri
661 4171 823 4237 secundae
839 4171 1038 4238 fundationis
1067 4173 1242 4239 canonicus
