<?xml version="1.0" encoding="UTF-8"?>
<!DOCTYPE html PUBLIC "-//W3C//DTD XHTML 1.0 Transitional//EN"
    "http://www.w3.org/TR/xhtml1/DTD/xhtml1-transitional.dtd">
<html xmlns="http://www.w3.org/1999/xhtml" xml:lang="en" lang="en">
 <head>
  <title>
</title>
<meta http-equiv="Content-Type" content="text/html;charset=utf-8" />
  <meta name='ocr-system' content='tesseract 3.04.00' />
  <meta name='ocr-capabilities' content='ocr_page ocr_carea ocr_par ocr_line ocrx_word'/>
</head>
<body>
  <div class='ocr_page' id='page_1' title='image "./documentsrelati02reusgoog_0240.png"; bbox 0 0 3036 4946; ppageno 0'>
   <div class='ocr_carea' id='block_1_1' title="bbox 622 453 800 518">
    <p class='ocr_par' dir='ltr' id='par_1_1' title="bbox 622 453 800 518">
     <span class='ocr_line' id='line_1_1' title="bbox 622 453 800 518; baseline 0.011 -2"><span class='ocrx_word' id='word_1_1' title='bbox 622 453 744 518; x_wconf 70' lang='lat'><strong>-233</strong></span> <span class='ocrx_word' id='word_1_2' title='bbox 770 491 800 502; x_wconf 88' lang='lat'>-</span> 
     </span>
    </p>
   </div>
   <div class='ocr_carea' id='block_1_2' title="bbox 168 617 1334 4250">
    <p class='ocr_par' dir='ltr' id='par_1_2' title="bbox 169 617 1260 1288">
     <span class='ocr_line' id='line_1_2' title="bbox 170 617 1257 699; baseline 0.004 -19"><span class='ocrx_word' id='word_1_3' title='bbox 170 618 313 696; x_wconf 89' lang='lat' dir='ltr'>illorum,</span> <span class='ocrx_word' id='word_1_4' title='bbox 331 618 454 699; x_wconf 85' lang='lat' dir='ltr'>reliquo</span> <span class='ocrx_word' id='word_1_5' title='bbox 477 617 609 683; x_wconf 93' lang='lat' dir='ltr'>dimidio</span> <span class='ocrx_word' id='word_1_6' title='bbox 632 629 825 684; x_wconf 89' lang='lat' dir='ltr'>conservato</span> <span class='ocrx_word' id='word_1_7' title='bbox 847 618 886 682; x_wconf 89' lang='lat' dir='ltr'>ad</span> <span class='ocrx_word' id='word_1_8' title='bbox 909 618 1080 683; x_wconf 83' lang='lat' dir='ltr'>emertdum</span> <span class='ocrx_word' id='word_1_9' title='bbox 1103 618 1185 683; x_wconf 89' lang='lat' dir='ltr'>alios</span> <span class='ocrx_word' id='word_1_10' title='bbox 1206 620 1257 684; x_wconf 92' lang='lat' dir='ltr'>vel</span> 
     </span>
     <span class='ocr_line' id='line_1_3' title="bbox 169 716 1256 799; baseline 0 -19"><span class='ocrx_word' id='word_1_11' title='bbox 169 717 295 782; x_wconf 89' lang='lat' dir='ltr'>reditus</span> <span class='ocrx_word' id='word_1_12' title='bbox 325 717 375 782; x_wconf 91' lang='lat' dir='ltr'>vel</span> <span class='ocrx_word' id='word_1_13' title='bbox 407 716 524 780; x_wconf 84' lang='lat' dir='ltr'>fundos</span> <span class='ocrx_word' id='word_1_14' title='bbox 553 731 612 796; x_wconf 90' lang='lat' dir='ltr'>pro</span> <span class='ocrx_word' id='word_1_15' title='bbox 642 716 888 796; x_wconf 85' lang='lat' dir='ltr'>amplificatione</span> <span class='ocrx_word' id='word_1_16' title='bbox 917 716 1044 799; x_wconf 83' lang='lat' dir='ltr'>collegii</span> <span class='ocrx_word' id='word_1_17' title='bbox 1072 724 1104 780; x_wconf 90' lang='lat' dir='ltr'>et</span> <span class='ocrx_word' id='word_1_18' title='bbox 1132 717 1256 781; x_wconf 91' lang='lat' dir='ltr'>numeri</span> 
     </span>
     <span class='ocr_line' id='line_1_4' title="bbox 169 815 1258 897; baseline 0.001 -17"><span class='ocrx_word' id='word_1_19' title='bbox 169 816 453 890; x_wconf 87' lang='lat' dir='ltr'>bursariorum,ita</span> <span class='ocrx_word' id='word_1_20' title='bbox 467 822 500 879; x_wconf 96' lang='lat' dir='ltr'>ut</span> <span class='ocrx_word' id='word_1_21' title='bbox 512 815 620 879; x_wconf 88' lang='lat' dir='ltr'>animo</span> <span class='ocrx_word' id='word_1_22' title='bbox 633 833 692 880; x_wconf 92' lang='lat' dir='ltr'>suo</span> <span class='ocrx_word' id='word_1_23' title='bbox 704 817 891 897; x_wconf 81' lang='lat' dir='ltr'>conceperit</span> <span class='ocrx_word' id='word_1_24' title='bbox 903 816 1074 880; x_wconf 89' lang='lat' dir='ltr'>maximum</span> <span class='ocrx_word' id='word_1_25' title='bbox 1087 816 1258 897; x_wconf 84' lang='lat' dir='ltr'>aliquando</span> 
     </span>
     <span class='ocr_line' id='line_1_5' title="bbox 171 912 1260 995; baseline 0.001 -18"><span class='ocrx_word' id='word_1_26' title='bbox 171 930 341 979; x_wconf 90' lang='lat' dir='ltr'>numerum</span> <span class='ocrx_word' id='word_1_27' title='bbox 364 912 597 978; x_wconf 86' lang='lat' dir='ltr'>bursariorum.</span> <span class='ocrx_word' id='word_1_28' title='bbox 618 915 663 976; x_wconf 89' lang='lat' dir='ltr'>lta</span> <span class='ocrx_word' id='word_1_29' title='bbox 686 915 771 995; x_wconf 84' lang='lat' dir='ltr'>quod</span> <span class='ocrx_word' id='word_1_30' title='bbox 793 915 825 978; x_wconf 92' lang='lat' dir='ltr'>in</span> <span class='ocrx_word' id='word_1_31' title='bbox 849 913 1007 995; x_wconf 88' lang='lat' dir='ltr'>principio</span> <span class='ocrx_word' id='word_1_32' title='bbox 1030 913 1203 980; x_wconf 73' lang='lat' dir='ltr'>erectionis</span> <span class='ocrx_word' id='word_1_33' title='bbox 1227 923 1260 978; x_wconf 95' lang='lat' dir='ltr'>et</span> 
     </span>
     <span class='ocr_line' id='line_1_6' title="bbox 172 1011 1256 1092; baseline -0.002 -15"><span class='ocrx_word' id='word_1_34' title='bbox 172 1031 252 1078; x_wconf 91' lang='lat' dir='ltr'>usus</span> <span class='ocrx_word' id='word_1_35' title='bbox 267 1013 344 1077; x_wconf 87' lang='lat' dir='ltr'>dicti</span> <span class='ocrx_word' id='word_1_36' title='bbox 367 1011 494 1092; x_wconf 82' lang='lat' dir='ltr'>collegii</span> <span class='ocrx_word' id='word_1_37' title='bbox 510 1011 666 1092; x_wconf 79' lang='lat' dir='ltr'>assumpti</span> <span class='ocrx_word' id='word_1_38' title='bbox 688 1012 805 1077; x_wconf 85' lang='lat' dir='ltr'>fuerint</span> <span class='ocrx_word' id='word_1_39' title='bbox 827 1013 990 1077; x_wconf 83' lang='lat' dir='ltr'>dumtaxat</span> <span class='ocrx_word' id='word_1_40' title='bbox 1012 1020 1085 1076; x_wconf 93' lang='lat' dir='ltr'>octo</span> <span class='ocrx_word' id='word_1_41' title='bbox 1107 1012 1256 1088; x_wconf 85' lang='lat' dir='ltr'>bursarii,</span> 
     </span>
     <span class='ocr_line' id='line_1_7' title="bbox 173 1110 1259 1198; baseline 0 -21"><span class='ocrx_word' id='word_1_42' title='bbox 173 1122 248 1192; x_wconf 91' lang='lat' dir='ltr'>post</span> <span class='ocrx_word' id='word_1_43' title='bbox 264 1111 416 1198; x_wconf 84' lang='lat' dir='ltr'>paulatim</span> <span class='ocrx_word' id='word_1_44' title='bbox 433 1127 534 1192; x_wconf 92' lang='lat' dir='ltr'>usque</span> <span class='ocrx_word' id='word_1_45' title='bbox 550 1110 589 1174; x_wconf 91' lang='lat' dir='ltr'>ad</span> <span class='ocrx_word' id='word_1_46' title='bbox 605 1110 727 1192; x_wconf 80' lang='lat' dir='ltr'>viginti,</span> <span class='ocrx_word' id='word_1_47' title='bbox 745 1112 799 1192; x_wconf 85' lang='lat' dir='ltr'>qui</span> <span class='ocrx_word' id='word_1_48' title='bbox 816 1129 970 1177; x_wconf 90' lang='lat' dir='ltr'>numerus</span> <span class='ocrx_word' id='word_1_49' title='bbox 986 1111 1045 1176; x_wconf 82' lang='lat' dir='ltr'>luit</span> <span class='ocrx_word' id='word_1_50' title='bbox 1067 1111 1099 1174; x_wconf 94' lang='lat' dir='ltr'>in</span> <span class='ocrx_word' id='word_1_51' title='bbox 1122 1112 1259 1193; x_wconf 80' lang='lat' dir='ltr'>collegio</span> 
     </span>
     <span class='ocr_line' id='line_1_8' title="bbox 173 1211 755 1288; baseline 0 -13"><span class='ocrx_word' id='word_1_52' title='bbox 173 1228 258 1276; x_wconf 93' lang='lat' dir='ltr'>anno</span> <span class='ocrx_word' id='word_1_53' title='bbox 277 1211 369 1275; x_wconf 77' lang='grc'><strong>1578.</strong></span> <span class='ocrx_word' id='word_1_54' title='bbox 753 1283 755 1288; x_wconf 65' lang='lat'>,</span> 
     </span>
    </p>

    <p class='ocr_par' dir='ltr' id='par_1_3' title="bbox 171 1308 1260 1769">
     <span class='ocr_line' id='line_1_9' title="bbox 214 1308 1260 1390; baseline 0 -18"><span class='ocrx_word' id='word_1_55' title='bbox 214 1309 273 1374; x_wconf 87' lang='lat' dir='ltr'>llis</span> <span class='ocrx_word' id='word_1_56' title='bbox 288 1308 446 1373; x_wconf 86' lang='lat' dir='ltr'>burseriis</span> <span class='ocrx_word' id='word_1_57' title='bbox 463 1309 578 1390; x_wconf 90' lang='lat' dir='ltr'>plenus</span> <span class='ocrx_word' id='word_1_58' title='bbox 599 1308 704 1372; x_wconf 91' lang='lat' dir='ltr'>victus</span> <span class='ocrx_word' id='word_1_59' title='bbox 720 1315 770 1374; x_wconf 87' lang='lat' dir='ltr'>est</span> <span class='ocrx_word' id='word_1_60' title='bbox 791 1308 928 1385; x_wconf 88' lang='lat' dir='ltr'>dandus,</span> <span class='ocrx_word' id='word_1_61' title='bbox 947 1308 1042 1390; x_wconf 78' lang='lat' dir='ltr'>ignis,</span> <span class='ocrx_word' id='word_1_62' title='bbox 1060 1309 1212 1374; x_wconf 86' lang='lat' dir='ltr'>candelae</span> <span class='ocrx_word' id='word_1_63' title='bbox 1228 1317 1260 1373; x_wconf 88' lang='lat' dir='ltr'>et</span> 
     </span>
     <span class='ocr_line' id='line_1_10' title="bbox 172 1407 1259 1489; baseline 0 -19"><span class='ocrx_word' id='word_1_64' title='bbox 172 1409 344 1473; x_wconf 89' lang='lat' dir='ltr'>instratum</span> <span class='ocrx_word' id='word_1_65' title='bbox 360 1409 491 1485; x_wconf 88' lang='lat' dir='ltr'>lectum,</span> <span class='ocrx_word' id='word_1_66' title='bbox 508 1408 603 1473; x_wconf 89' lang='lat' dir='ltr'>lodex</span> <span class='ocrx_word' id='word_1_67' title='bbox 618 1415 649 1472; x_wconf 90' lang='lat' dir='ltr'>et</span> <span class='ocrx_word' id='word_1_68' title='bbox 664 1407 771 1472; x_wconf 92' lang='lat' dir='ltr'>omnis</span> <span class='ocrx_word' id='word_1_69' title='bbox 787 1408 971 1472; x_wconf 89' lang='lat' dir='ltr'>necessaria</span> <span class='ocrx_word' id='word_1_70' title='bbox 987 1409 1155 1489; x_wconf 85' lang='lat' dir='ltr'>suppellex</span> <span class='ocrx_word' id='word_1_71' title='bbox 1169 1407 1259 1471; x_wconf 62' lang='lat' dir='ltr'>cubi⁶</span> 
     </span>
     <span class='ocr_line' id='line_1_11' title="bbox 172 1505 1260 1587; baseline -0.003 -16"><span class='ocrx_word' id='word_1_72' title='bbox 172 1507 256 1582; x_wconf 91' lang='lat' dir='ltr'>culi;</span> <span class='ocrx_word' id='word_1_73' title='bbox 274 1515 306 1572; x_wconf 89' lang='lat' dir='ltr'>et</span> <span class='ocrx_word' id='word_1_74' title='bbox 330 1515 495 1587; x_wconf 87' lang='lat' dir='ltr'>praeterea</span> <span class='ocrx_word' id='word_1_75' title='bbox 518 1507 616 1570; x_wconf 90' lang='lat' dir='ltr'>multa</span> <span class='ocrx_word' id='word_1_76' title='bbox 638 1507 890 1574; x_wconf 88' lang='lat' dir='ltr'>extraordinaria</span> <span class='ocrx_word' id='word_1_77' title='bbox 906 1507 1050 1571; x_wconf 90' lang='lat' dir='ltr'>subsidia</span> <span class='ocrx_word' id='word_1_78' title='bbox 1072 1515 1147 1570; x_wconf 91' lang='lat' dir='ltr'>sunt</span> <span class='ocrx_word' id='word_1_79' title='bbox 1169 1505 1260 1570; x_wconf 89' lang='lat' dir='ltr'>exhi-</span> 
     </span>
     <span class='ocr_line' id='line_1_12' title="bbox 172 1605 1260 1687; baseline -0.004 -16"><span class='ocrx_word' id='word_1_80' title='bbox 172 1607 290 1680; x_wconf 89' lang='lat' dir='ltr'>benda‚</span> <span class='ocrx_word' id='word_1_81' title='bbox 309 1607 403 1671; x_wconf 88' lang='lat' dir='ltr'>etiam</span> <span class='ocrx_word' id='word_1_82' title='bbox 425 1605 561 1672; x_wconf 89' lang='lat' dir='ltr'>vestitus</span> <span class='ocrx_word' id='word_1_83' title='bbox 584 1605 624 1669; x_wconf 92' lang='lat' dir='ltr'>ad</span> <span class='ocrx_word' id='word_1_84' title='bbox 645 1605 875 1670; x_wconf 93' lang='lat' dir='ltr'>discretionem</span> <span class='ocrx_word' id='word_1_85' title='bbox 898 1605 1101 1687; x_wconf 89' lang='lat' dir='ltr'>provisorem</span> <span class='ocrx_word' id='word_1_86' title='bbox 1124 1613 1157 1670; x_wconf 90' lang='lat' dir='ltr'>et</span> <span class='ocrx_word' id='word_1_87' title='bbox 1171 1621 1260 1685; x_wconf 88' lang='lat' dir='ltr'>prae·</span> 
     </span>
     <span class='ocr_line' id='line_1_13' title="bbox 171 1704 323 1769; baseline -0.026 0"><span class='ocrx_word' id='word_1_88' title='bbox 171 1704 323 1769; x_wconf 88' lang='lat' dir='ltr'>sidentis.</span> 
     </span>
    </p>

    <p class='ocr_par' dir='ltr' id='par_1_4' title="bbox 168 1799 1334 2869">
     <span class='ocr_line' id='line_1_14' title="bbox 218 1799 1262 1883; baseline 0.001 -18"><span class='ocrx_word' id='word_1_89' title='bbox 218 1803 264 1868; x_wconf 88' lang='lat' dir='ltr'>De</span> <span class='ocrx_word' id='word_1_90' title='bbox 276 1803 408 1867; x_wconf 90' lang='lat' dir='ltr'>residuo</span> <span class='ocrx_word' id='word_1_91' title='bbox 419 1802 578 1868; x_wconf 86' lang='lat' dir='ltr'>bonorum</span> <span class='ocrx_word' id='word_1_92' title='bbox 594 1799 670 1866; x_wconf 90' lang='lat' dir='ltr'>dicti</span> <span class='ocrx_word' id='word_1_93' title='bbox 686 1801 864 1867; x_wconf 75' lang='lat' dir='ltr'>fundatoris</span> <span class='ocrx_word' id='word_1_94' title='bbox 880 1811 913 1867; x_wconf 92' lang='lat' dir='ltr'>et</span> <span class='ocrx_word' id='word_1_95' title='bbox 928 1801 1124 1883; x_wconf 89' lang='lat' dir='ltr'>praescripta</span> <span class='ocrx_word' id='word_1_96' title='bbox 1137 1801 1262 1866; x_wconf 86' lang='lat' dir='ltr'>ratione</span> 
     </span>
     <span class='ocr_line' id='line_1_15' title="bbox 172 1899 1261 1982; baseline 0 -18"><span class='ocrx_word' id='word_1_97' title='bbox 172 1901 302 1967; x_wconf 83' lang='lat' dir='ltr'>vivendi</span> <span class='ocrx_word' id='word_1_98' title='bbox 319 1901 350 1964; x_wconf 92' lang='lat' dir='ltr'>in</span> <span class='ocrx_word' id='word_1_99' title='bbox 367 1917 521 1966; x_wconf 86' lang='lat' dir='ltr'>successu</span> <span class='ocrx_word' id='word_1_100' title='bbox 537 1900 693 1981; x_wconf 84' lang='lat' dir='ltr'>lamponis</span> <span class='ocrx_word' id='word_1_101' title='bbox 709 1907 784 1965; x_wconf 88' lang='lat' dir='ltr'>suut</span> <span class='ocrx_word' id='word_1_102' title='bbox 800 1910 1002 1982; x_wconf 84' lang='lat' dir='ltr'>comparatae</span> <span class='ocrx_word' id='word_1_103' title='bbox 1017 1901 1100 1964; x_wconf 89' lang='lat' dir='ltr'>duae</span> <span class='ocrx_word' id='word_1_104' title='bbox 1123 1899 1261 1980; x_wconf 85' lang='lat' dir='ltr'>majoros</span> 
     </span>
     <span class='ocr_line' id='line_1_16' title="bbox 170 1997 1260 2080; baseline -0.007 -14"><span class='ocrx_word' id='word_1_105' title='bbox 170 2008 203 2066; x_wconf 90' lang='lat' dir='ltr'>et</span> <span class='ocrx_word' id='word_1_106' title='bbox 229 2000 312 2064; x_wconf 90' lang='lat' dir='ltr'>duae</span> <span class='ocrx_word' id='word_1_107' title='bbox 338 2015 454 2080; x_wconf 88' lang='lat' dir='ltr'>parvae</span> <span class='ocrx_word' id='word_1_108' title='bbox 479 1999 573 2064; x_wconf 90' lang='lat' dir='ltr'>villae</span> <span class='ocrx_word' id='word_1_109' title='bbox 600 2015 700 2079; x_wconf 87' lang='lat' dir='ltr'>prope</span> <span class='ocrx_word' id='word_1_110' title='bbox 725 2000 852 2064; x_wconf 89' lang='lat' dir='ltr'>Thenas</span> <span class='ocrx_word' id='word_1_111' title='bbox 878 2007 909 2064; x_wconf 91' lang='lat' dir='ltr'>et</span> <span class='ocrx_word' id='word_1_112' title='bbox 935 2015 1036 2080; x_wconf 90' lang='lat' dir='ltr'>prope</span> <span class='ocrx_word' id='word_1_113' title='bbox 1060 1997 1260 2062; x_wconf 87' lang='lat' dir='ltr'>Geldoniam.</span> 
     </span>
     <span class='ocr_line' id='line_1_17' title="bbox 172 2097 1263 2187; baseline -0.002 -23"><span class='ocrx_word' id='word_1_114' title='bbox 172 2100 315 2175; x_wconf 86' lang='lat' dir='ltr'>Quarum</span> <span class='ocrx_word' id='word_1_115' title='bbox 332 2099 479 2164; x_wconf 89' lang='lat' dir='ltr'>villarum</span> <span class='ocrx_word' id='word_1_116' title='bbox 497 2115 597 2178; x_wconf 90' lang='lat' dir='ltr'>prope</span> <span class='ocrx_word' id='word_1_117' title='bbox 608 2098 737 2162; x_wconf 88' lang='lat' dir='ltr'>&#39;lbenas</span> <span class='ocrx_word' id='word_1_118' title='bbox 759 2099 859 2164; x_wconf 90' lang='lat' dir='ltr'>altera</span> <span class='ocrx_word' id='word_1_119' title='bbox 875 2115 960 2187; x_wconf 88' lang='lat' dir='ltr'>auno</span> <span class='ocrx_word' id='word_1_120' title='bbox 976 2098 1057 2164; x_wconf 75' lang='lat' dir='ltr'>tato</span> <span class='ocrx_word' id='word_1_121' title='bbox 1073 2116 1089 2161; x_wconf 94' lang='lat' dir='ltr'>a</span> <span class='ocrx_word' id='word_1_122' title='bbox 1106 2097 1263 2162; x_wconf 90' lang='lat' dir='ltr'>militibus</span> 
     </span>
     <span class='ocr_line' id='line_1_18' title="bbox 173 2195 1264 2278; baseline -0.001 -17"><span class='ocrx_word' id='word_1_123' title='bbox 173 2199 320 2262; x_wconf 79' lang='lat' dir='ltr'>statuum</span> <span class='ocrx_word' id='word_1_124' title='bbox 347 2204 459 2260; x_wconf 85' lang='lat' dir='ltr'>exuste</span> <span class='ocrx_word' id='word_1_125' title='bbox 482 2196 550 2271; x_wconf 85' lang='lat' dir='ltr'>fnit,</span> <span class='ocrx_word' id='word_1_126' title='bbox 577 2205 607 2260; x_wconf 92' lang='lat' dir='ltr'>et</span> <span class='ocrx_word' id='word_1_127' title='bbox 629 2196 742 2260; x_wconf 92' lang='lat' dir='ltr'>eodem</span> <span class='ocrx_word' id='word_1_128' title='bbox 766 2213 850 2261; x_wconf 91' lang='lat' dir='ltr'>anno</span> <span class='ocrx_word' id='word_1_129' title='bbox 876 2197 1040 2278; x_wconf 81' lang='lat' dir='ltr'>diligentia</span> <span class='ocrx_word' id='word_1_130' title='bbox 1062 2204 1094 2262; x_wconf 92' lang='lat' dir='ltr'>et</span> <span class='ocrx_word' id='word_1_131' title='bbox 1116 2195 1264 2260; x_wconf 89' lang='lat' dir='ltr'>maximis</span> 
     </span>
     <span class='ocr_line' id='line_1_19' title="bbox 174 2294 1262 2376; baseline -0.005 -14"><span class='ocrx_word' id='word_1_132' title='bbox 174 2295 359 2376; x_wconf 87' lang='lat' dir='ltr'>sumptibus</span> <span class='ocrx_word' id='word_1_133' title='bbox 392 2294 608 2376; x_wconf 83' lang='lat' dir='ltr'>praesidentis</span> <span class='ocrx_word' id='word_1_134' title='bbox 643 2294 867 2373; x_wconf 85' lang='lat' dir='ltr'>reaedificata,</span> <span class='ocrx_word' id='word_1_135' title='bbox 898 2311 980 2376; x_wconf 85' lang='lat' dir='ltr'>quae</span> <span class='ocrx_word' id='word_1_136' title='bbox 1010 2295 1214 2376; x_wconf 89' lang='lat' dir='ltr'>postmodum</span> <span class='ocrx_word' id='word_1_137' title='bbox 1245 2310 1262 2357; x_wconf 89' lang='lat' dir='ltr'>a</span> 
     </span>
     <span class='ocr_line' id='line_1_20' title="bbox 174 2391 1263 2476; baseline -0.003 -18"><span class='ocrx_word' id='word_1_138' title='bbox 174 2394 339 2476; x_wconf 87' lang='lat' dir='ltr'>praesidio</span> <span class='ocrx_word' id='word_1_139' title='bbox 354 2393 515 2458; x_wconf 81' lang='lat' dir='ltr'>Thenensi</span> <span class='ocrx_word' id='word_1_140' title='bbox 530 2401 580 2457; x_wconf 93' lang='lat' dir='ltr'>est</span> <span class='ocrx_word' id='word_1_141' title='bbox 595 2393 699 2456; x_wconf 88' lang='lat' dir='ltr'>diruta</span> <span class='ocrx_word' id='word_1_142' title='bbox 716 2394 781 2459; x_wconf 82' lang='lat' dir='ltr'>lere</span> <span class='ocrx_word' id='word_1_143' title='bbox 798 2403 874 2470; x_wconf 90' lang='lat' dir='ltr'>tota,</span> <span class='ocrx_word' id='word_1_144' title='bbox 893 2411 996 2475; x_wconf 89' lang='lat' dir='ltr'>neque</span> <span class='ocrx_word' id='word_1_145' title='bbox 1017 2395 1121 2458; x_wconf 89' lang='lat' dir='ltr'>adbuc</span> <span class='ocrx_word' id='word_1_146' title='bbox 1137 2391 1263 2456; x_wconf 83' lang='lat' dir='ltr'>inlabi-</span> 
     </span>
     <span class='ocr_line' id='line_1_21' title="bbox 171 2490 1260 2574; baseline -0.006 -16"><span class='ocrx_word' id='word_1_147' title='bbox 171 2493 234 2558; x_wconf 89' lang='lat' dir='ltr'>tari</span> <span class='ocrx_word' id='word_1_148' title='bbox 253 2501 385 2574; x_wconf 90' lang='lat' dir='ltr'>propter</span> <span class='ocrx_word' id='word_1_149' title='bbox 399 2501 583 2574; x_wconf 78' lang='lat' dir='ltr'>grassantes</span> <span class='ocrx_word' id='word_1_150' title='bbox 598 2490 715 2556; x_wconf 89' lang='lat' dir='ltr'>ibidem</span> <span class='ocrx_word' id='word_1_151' title='bbox 739 2493 999 2573; x_wconf 81' lang='lat' dir='ltr'>frequentissime</span> <span class='ocrx_word' id='word_1_152' title='bbox 1015 2492 1128 2556; x_wconf 90' lang='lat' dir='ltr'>lrostes</span> <span class='ocrx_word' id='word_1_153' title='bbox 1144 2497 1260 2570; x_wconf 91' lang='lat' dir='ltr'>potest.</span> 
     </span>
     <span class='ocr_line' id='line_1_22' title="bbox 169 2590 1334 2672; baseline -0.003 -16"><span class='ocrx_word' id='word_1_154' title='bbox 169 2593 264 2656; x_wconf 84' lang='lat' dir='ltr'>Aliae</span> <span class='ocrx_word' id='word_1_155' title='bbox 280 2608 409 2672; x_wconf 81' lang='lat' dir='ltr'>quoque</span> <span class='ocrx_word' id='word_1_156' title='bbox 423 2591 519 2655; x_wconf 91' lang='lat' dir='ltr'>villae</span> <span class='ocrx_word' id='word_1_157' title='bbox 536 2607 593 2670; x_wconf 93' lang='lat' dir='ltr'>per</span> <span class='ocrx_word' id='word_1_158' title='bbox 607 2590 767 2654; x_wconf 89' lang='lat' dir='ltr'>licentiam</span> <span class='ocrx_word' id='word_1_159' title='bbox 784 2591 953 2656; x_wconf 82' lang='lat' dir='ltr'>militarem</span> <span class='ocrx_word' id='word_1_160' title='bbox 970 2608 1028 2672; x_wconf 89' lang='lat' dir='ltr'>pro</span> <span class='ocrx_word' id='word_1_161' title='bbox 1045 2606 1158 2666; x_wconf 75' lang='lat' dir='ltr'>magna</span> <span class='ocrx_word' id='word_1_162' title='bbox 1174 2597 1265 2670; x_wconf 90' lang='lat' dir='ltr'>parte</span> <span class='ocrx_word' id='word_1_163' title='bbox 1332 2591 1334 2594; x_wconf 82' lang='grc'><strong>’</strong></span> 
     </span>
     <span class='ocr_line' id='line_1_23' title="bbox 169 2687 1265 2771; baseline -0.003 -16"><span class='ocrx_word' id='word_1_164' title='bbox 169 2691 301 2756; x_wconf 89' lang='lat' dir='ltr'>dirutae</span> <span class='ocrx_word' id='word_1_165' title='bbox 316 2697 403 2762; x_wconf 87' lang='lat' dir='ltr'>sunt,</span> <span class='ocrx_word' id='word_1_166' title='bbox 422 2698 454 2753; x_wconf 93' lang='lat' dir='ltr'>et</span> <span class='ocrx_word' id='word_1_167' title='bbox 468 2705 582 2753; x_wconf 89' lang='lat' dir='ltr'>omnes</span> <span class='ocrx_word' id='word_1_168' title='bbox 598 2687 665 2769; x_wconf 84' lang='lat' dir='ltr'>agri</span> <span class='ocrx_word' id='word_1_169' title='bbox 682 2689 778 2769; x_wconf 80' lang='lat' dir='ltr'>longo</span> <span class='ocrx_word' id='word_1_170' title='bbox 793 2697 938 2770; x_wconf 89' lang='lat' dir='ltr'>tempore</span> <span class='ocrx_word' id='word_1_171' title='bbox 957 2706 1015 2771; x_wconf 91' lang='lat' dir='ltr'>per</span> <span class='ocrx_word' id='word_1_172' title='bbox 1030 2688 1169 2752; x_wconf 86' lang='lat' dir='ltr'>infelicia</span> <span class='ocrx_word' id='word_1_173' title='bbox 1185 2687 1265 2752; x_wconf 87' lang='lat' dir='ltr'>baeu</span> 
     </span>
     <span class='ocr_line' id='line_1_24' title="bbox 168 2787 644 2869; baseline -0.013 -14"><span class='ocrx_word' id='word_1_174' title='bbox 168 2803 319 2869; x_wconf 90' lang='lat' dir='ltr'>tempora</span> <span class='ocrx_word' id='word_1_175' title='bbox 335 2787 456 2852; x_wconf 85' lang='lat' dir='ltr'>deserti</span> <span class='ocrx_word' id='word_1_176' title='bbox 472 2795 504 2852; x_wconf 91' lang='lat' dir='ltr'>et</span> <span class='ocrx_word' id='word_1_177' title='bbox 519 2787 644 2851; x_wconf 89' lang='lat' dir='ltr'>inculti.</span> 
     </span>
    </p>

    <p class='ocr_par' dir='ltr' id='par_1_5' title="bbox 169 2885 1264 3168">
     <span class='ocr_line' id='line_1_25' title="bbox 216 2885 1264 2967; baseline -0.002 -16"><span class='ocrx_word' id='word_1_178' title='bbox 216 2887 410 2966; x_wconf 76' lang='lat' dir='ltr'>praescripti</span> <span class='ocrx_word' id='word_1_179' title='bbox 426 2888 458 2949; x_wconf 86' lang='lat' dir='ltr'>bi</span> <span class='ocrx_word' id='word_1_180' title='bbox 475 2885 597 2951; x_wconf 89' lang='lat' dir='ltr'>reditus</span> <span class='ocrx_word' id='word_1_181' title='bbox 622 2885 729 2950; x_wconf 89' lang='lat' dir='ltr'>multis</span> <span class='ocrx_word' id='word_1_182' title='bbox 753 2896 841 2950; x_wconf 90' lang='lat' dir='ltr'>retro</span> <span class='ocrx_word' id='word_1_183' title='bbox 865 2885 1046 2967; x_wconf 83' lang='lat' dir='ltr'>praeteritis</span> <span class='ocrx_word' id='word_1_184' title='bbox 1069 2885 1162 2950; x_wconf 90' lang='lat' dir='ltr'>annis</span> <span class='ocrx_word' id='word_1_185' title='bbox 1178 2885 1264 2949; x_wconf 87' lang='lat' dir='ltr'>inso-</span> 
     </span>
     <span class='ocr_line' id='line_1_26' title="bbox 169 2983 1264 3065; baseline -0.006 -13"><span class='ocrx_word' id='word_1_186' title='bbox 169 2987 233 3051; x_wconf 92' lang='lat' dir='ltr'>luti</span> <span class='ocrx_word' id='word_1_187' title='bbox 249 2993 449 3058; x_wconf 87' lang='lat' dir='ltr'>manserunt,</span> <span class='ocrx_word' id='word_1_188' title='bbox 466 2984 509 3047; x_wconf 92' lang='lat' dir='ltr'>ita</span> <span class='ocrx_word' id='word_1_189' title='bbox 532 2984 715 3048; x_wconf 89' lang='lat' dir='ltr'>utiliorum</span> <span class='ocrx_word' id='word_1_190' title='bbox 740 2985 862 3064; x_wconf 81' lang='lat' dir='ltr'>reliqua</span> <span class='ocrx_word' id='word_1_191' title='bbox 885 3001 942 3049; x_wconf 90' lang='lat' dir='ltr'>seu</span> <span class='ocrx_word' id='word_1_192' title='bbox 966 2984 1119 3065; x_wconf 82' lang='lat' dir='ltr'>arriragia</span> <span class='ocrx_word' id='word_1_193' title='bbox 1142 2983 1264 3064; x_wconf 88' lang='lat' dir='ltr'>pertin-</span> 
     </span>
     <span class='ocr_line' id='line_1_27' title="bbox 172 3082 1127 3168; baseline -0.005 -20"><span class='ocrx_word' id='word_1_194' title='bbox 172 3095 252 3168; x_wconf 81' lang='lat' dir='ltr'>gant</span> <span class='ocrx_word' id='word_1_195' title='bbox 267 3084 397 3148; x_wconf 87' lang='lat' dir='ltr'>circiter</span> <span class='ocrx_word' id='word_1_196' title='bbox 412 3084 450 3146; x_wconf 90' lang='lat' dir='ltr'>ad</span> <span class='ocrx_word' id='word_1_197' title='bbox 468 3099 625 3147; x_wconf 89' lang='lat' dir='ltr'>summam</span> <span class='ocrx_word' id='word_1_198' title='bbox 641 3082 752 3164; x_wconf 80' lang='lat' dir='ltr'>viginti</span> <span class='ocrx_word' id='word_1_199' title='bbox 768 3083 901 3154; x_wconf 88' lang='lat' dir='ltr'>millium</span> <span class='ocrx_word' id='word_1_200' title='bbox 918 3082 1127 3148; x_wconf 86' lang='lat' dir='ltr'>florenorum.</span> 
     </span>
    </p>

    <p class='ocr_par' dir='ltr' id='par_1_6' title="bbox 172 3180 1266 3741">
     <span class='ocr_line' id='line_1_28' title="bbox 218 3180 1263 3262; baseline -0.004 -15"><span class='ocrx_word' id='word_1_201' title='bbox 218 3183 310 3248; x_wconf 88' lang='lat' dir='ltr'>Unde</span> <span class='ocrx_word' id='word_1_202' title='bbox 328 3191 359 3246; x_wconf 91' lang='lat' dir='ltr'>et</span> <span class='ocrx_word' id='word_1_203' title='bbox 382 3181 457 3246; x_wconf 91' lang='lat' dir='ltr'>buic</span> <span class='ocrx_word' id='word_1_204' title='bbox 482 3180 629 3261; x_wconf 84' lang='lat' dir='ltr'>collegio,</span> <span class='ocrx_word' id='word_1_205' title='bbox 646 3183 731 3262; x_wconf 79' lang='lat' dir='ltr'>duod</span> <span class='ocrx_word' id='word_1_206' title='bbox 759 3181 831 3245; x_wconf 89' lang='lat' dir='ltr'>aliis</span> <span class='ocrx_word' id='word_1_207' title='bbox 854 3180 981 3256; x_wconf 89' lang='lat' dir='ltr'>accidit,</span> <span class='ocrx_word' id='word_1_208' title='bbox 1009 3181 1042 3244; x_wconf 90' lang='lat' dir='ltr'>in</span> <span class='ocrx_word' id='word_1_209' title='bbox 1069 3181 1154 3245; x_wconf 89' lang='lat' dir='ltr'>dicto</span> <span class='ocrx_word' id='word_1_210' title='bbox 1179 3195 1263 3243; x_wconf 90' lang='lat' dir='ltr'>anno</span> 
     </span>
     <span class='ocr_line' id='line_1_29' title="bbox 172 3277 1266 3361; baseline -0.006 -15"><span class='ocrx_word' id='word_1_211' title='bbox 172 3281 257 3346; x_wconf 79' lang='grc'><strong>1578</strong></span> <span class='ocrx_word' id='word_1_212' title='bbox 274 3289 406 3361; x_wconf 90' lang='lat' dir='ltr'>propter</span> <span class='ocrx_word' id='word_1_213' title='bbox 421 3279 621 3360; x_wconf 88' lang='lat' dir='ltr'>supradictas</span> <span class='ocrx_word' id='word_1_214' title='bbox 641 3295 769 3352; x_wconf 87' lang='lat' dir='ltr'>causas,</span> <span class='ocrx_word' id='word_1_215' title='bbox 793 3288 825 3342; x_wconf 92' lang='lat' dir='ltr'>et</span> <span class='ocrx_word' id='word_1_216' title='bbox 840 3279 975 3343; x_wconf 87' lang='lat' dir='ltr'>maxime</span> <span class='ocrx_word' id='word_1_217' title='bbox 991 3287 1122 3360; x_wconf 88' lang='lat' dir='ltr'>propter</span> <span class='ocrx_word' id='word_1_218' title='bbox 1138 3277 1266 3342; x_wconf 80' lang='lat' dir='ltr'>exorbi·</span> 
     </span>
     <span class='ocr_line' id='line_1_30' title="bbox 173 3376 1264 3458; baseline -0.004 -14"><span class='ocrx_word' id='word_1_219' title='bbox 173 3379 389 3444; x_wconf 80' lang='lat' dir='ltr'>lautissimam</span> <span class='ocrx_word' id='word_1_220' title='bbox 413 3377 582 3442; x_wconf 88' lang='lat' dir='ltr'>militarem</span> <span class='ocrx_word' id='word_1_221' title='bbox 606 3379 868 3457; x_wconf 85' lang='lat' dir='ltr'>hospitationem,</span> <span class='ocrx_word' id='word_1_222' title='bbox 893 3395 974 3458; x_wconf 86' lang='lat' dir='ltr'>quae</span> <span class='ocrx_word' id='word_1_223' title='bbox 996 3395 1124 3457; x_wconf 89' lang='lat' dir='ltr'>semper</span> <span class='ocrx_word' id='word_1_224' title='bbox 1144 3376 1203 3441; x_wconf 88' lang='lat' dir='ltr'>suit</span> <span class='ocrx_word' id='word_1_225' title='bbox 1224 3377 1264 3440; x_wconf 89' lang='lat' dir='ltr'>de</span> 
     </span>
     <span class='ocr_line' id='line_1_31' title="bbox 173 3475 1261 3558; baseline -0.006 -14"><span class='ocrx_word' id='word_1_226' title='bbox 173 3475 354 3558; x_wconf 82' lang='lat' dir='ltr'>capitaneis</span> <span class='ocrx_word' id='word_1_227' title='bbox 384 3492 530 3557; x_wconf 83' lang='lat' dir='ltr'>maguam</span> <span class='ocrx_word' id='word_1_228' title='bbox 561 3476 686 3539; x_wconf 91' lang='lat' dir='ltr'>turbam</span> <span class='ocrx_word' id='word_1_229' title='bbox 713 3477 878 3541; x_wconf 90' lang='lat' dir='ltr'>bominum</span> <span class='ocrx_word' id='word_1_230' title='bbox 909 3493 1019 3541; x_wconf 89' lang='lat' dir='ltr'>secum</span> <span class='ocrx_word' id='word_1_231' title='bbox 1049 3475 1261 3548; x_wconf 86' lang='lat' dir='ltr'>trahentibus,</span> 
     </span>
     <span class='ocr_line' id='line_1_32' title="bbox 174 3573 1264 3648; baseline -0.006 -6"><span class='ocrx_word' id='word_1_232' title='bbox 174 3576 316 3642; x_wconf 91' lang='lat' dir='ltr'>bursarii</span> <span class='ocrx_word' id='word_1_233' title='bbox 333 3575 519 3640; x_wconf 87' lang='lat' dir='ltr'>successive</span> <span class='ocrx_word' id='word_1_234' title='bbox 531 3574 735 3639; x_wconf 83' lang='lat' dir='ltr'>diffluxerunt</span> <span class='ocrx_word' id='word_1_235' title='bbox 747 3583 777 3640; x_wconf 89' lang='lat' dir='ltr'>et</span> <span class='ocrx_word' id='word_1_236' title='bbox 789 3576 821 3638; x_wconf 95' lang='lat' dir='ltr'>in</span> <span class='ocrx_word' id='word_1_237' title='bbox 834 3575 1025 3640; x_wconf 85' lang='lat' dir='ltr'>sabaudiam</span> <span class='ocrx_word' id='word_1_238' title='bbox 1040 3573 1163 3640; x_wconf 90' lang='lat' dir='ltr'>reversi</span> <span class='ocrx_word' id='word_1_239' title='bbox 1176 3585 1264 3648; x_wconf 82' lang='lat' dir='ltr'>sunt,</span> 
     </span>
     <span class='ocr_line' id='line_1_33' title="bbox 177 3676 636 3741; baseline -0.013 0"><span class='ocrx_word' id='word_1_240' title='bbox 177 3693 243 3741; x_wconf 93' lang='lat' dir='ltr'>uno</span> <span class='ocrx_word' id='word_1_241' title='bbox 260 3676 424 3738; x_wconf 85' lang='lat' dir='ltr'>dumtaxat</span> <span class='ocrx_word' id='word_1_242' title='bbox 438 3682 636 3738; x_wconf 88' lang='lat' dir='ltr'>remanente.</span> 
     </span>
    </p>

    <p class='ocr_par' dir='ltr' id='par_1_7' title="bbox 175 3770 1266 4250">
     <span class='ocr_line' id='line_1_34' title="bbox 217 3770 1266 3854; baseline -0.001 -18"><span class='ocrx_word' id='word_1_243' title='bbox 217 3773 321 3854; x_wconf 81' lang='lat' dir='ltr'>lluJ&#39;us</span> <span class='ocrx_word' id='word_1_244' title='bbox 337 3771 464 3853; x_wconf 84' lang='lat' dir='ltr'>collegii</span> <span class='ocrx_word' id='word_1_245' title='bbox 480 3771 669 3852; x_wconf 87' lang='lat' dir='ltr'>praesidens</span> <span class='ocrx_word' id='word_1_246' title='bbox 685 3773 898 3839; x_wconf 86' lang='lat' dir='ltr'>estdominus</span> <span class='ocrx_word' id='word_1_247' title='bbox 914 3784 945 3838; x_wconf 95' lang='lat' dir='ltr'>et</span> <span class='ocrx_word' id='word_1_248' title='bbox 962 3773 1114 3854; x_wconf 83' lang='lat' dir='ltr'>magister</span> <span class='ocrx_word' id='word_1_249' title='bbox 1126 3770 1266 3836; x_wconf 86' lang='lat' dir='ltr'>lacobus</span> 
     </span>
     <span class='ocr_line' id='line_1_35' title="bbox 175 3868 1266 3952; baseline -0.004 -14"><span class='ocrx_word' id='word_1_250' title='bbox 175 3874 219 3938; x_wconf 94' lang='lat' dir='ltr'>du</span> <span class='ocrx_word' id='word_1_251' title='bbox 239 3871 315 3952; x_wconf 82' lang='lat' dir='ltr'>Bay,</span> <span class='ocrx_word' id='word_1_252' title='bbox 333 3869 491 3934; x_wconf 91' lang='lat' dir='ltr'>ecclesiae</span> <span class='ocrx_word' id='word_1_253' title='bbox 507 3870 607 3934; x_wconf 91' lang='lat' dir='ltr'>sancti</span> <span class='ocrx_word' id='word_1_254' title='bbox 626 3868 737 3934; x_wconf 82' lang='lat' dir='ltr'>iacobi</span> <span class='ocrx_word' id='word_1_255' title='bbox 760 3871 966 3936; x_wconf 79' lang='lat' dir='ltr'>lovaniensis</span> <span class='ocrx_word' id='word_1_256' title='bbox 983 3871 1135 3942; x_wconf 86' lang='lat' dir='ltr'>decanus,</span> <span class='ocrx_word' id='word_1_257' title='bbox 1154 3885 1266 3935; x_wconf 89' lang='lat' dir='ltr'>sacrae</span> 
     </span>
     <span class='ocr_line' id='line_1_36' title="bbox 176 3967 1265 4050; baseline -0.005 -14"><span class='ocrx_word' id='word_1_258' title='bbox 176 3967 362 4050; x_wconf 81' lang='lat' dir='ltr'>theologiae</span> <span class='ocrx_word' id='word_1_259' title='bbox 374 3968 501 4042; x_wconf 89' lang='lat' dir='ltr'>doctor,</span> <span class='ocrx_word' id='word_1_260' title='bbox 515 3967 568 4048; x_wconf 86' lang='lat' dir='ltr'>qui</span> <span class='ocrx_word' id='word_1_261' title='bbox 583 3969 821 4048; x_wconf 88' lang='lat' dir='ltr'>perseverantia</span> <span class='ocrx_word' id='word_1_262' title='bbox 837 3985 895 4034; x_wconf 88' lang='lat' dir='ltr'>sna</span> <span class='ocrx_word' id='word_1_263' title='bbox 911 3969 943 4033; x_wconf 93' lang='lat' dir='ltr'>in</span> <span class='ocrx_word' id='word_1_264' title='bbox 960 3970 1023 4035; x_wconf 89' lang='lat' dir='ltr'>boc</span> <span class='ocrx_word' id='word_1_265' title='bbox 1037 3969 1174 4050; x_wconf 85' lang='lat' dir='ltr'>collegio</span> <span class='ocrx_word' id='word_1_266' title='bbox 1186 3967 1265 4032; x_wconf 93' lang='lat' dir='ltr'>illud</span> 
     </span>
     <span class='ocr_line' id='line_1_37' title="bbox 177 4056 1266 4150; baseline -0.001 -17"><span class='ocrx_word' id='word_1_267' title='bbox 177 4072 339 4150; x_wconf 82' lang='lat' dir='ltr'>integrum</span> <span class='ocrx_word' id='word_1_268' title='bbox 361 4056 565 4132; x_wconf 83' lang='lat' dir='ltr'>conservavit</span> <span class='ocrx_word' id='word_1_269' title='bbox 587 4081 700 4147; x_wconf 76' lang='lat' dir='ltr'>magna</span> <span class='ocrx_word' id='word_1_270' title='bbox 723 4083 800 4132; x_wconf 86' lang='lat' dir='ltr'>cura</span> <span class='ocrx_word' id='word_1_271' title='bbox 823 4075 854 4134; x_wconf 86' lang='lat' dir='ltr'>ct</span> <span class='ocrx_word' id='word_1_272' title='bbox 876 4069 1010 4132; x_wconf 87' lang='lat' dir='ltr'>infinitis</span> <span class='ocrx_word' id='word_1_273' title='bbox 1032 4069 1188 4134; x_wconf 89' lang='lat' dir='ltr'>molestiis</span> <span class='ocrx_word' id='word_1_274' title='bbox 1211 4068 1266 4132; x_wconf 89' lang='lat' dir='ltr'>ad·</span> 
     </span>
     <span class='ocr_line' id='line_1_38' title="bbox 176 4165 1266 4250; baseline -0.006 -16"><span class='ocrx_word' id='word_1_275' title='bbox 176 4184 299 4235; x_wconf 88' lang='lat' dir='ltr'>versus</span> <span class='ocrx_word' id='word_1_276' title='bbox 307 4165 512 4232; x_wconf 82' lang='lat' dir='ltr'>licentiosum</span> <span class='ocrx_word' id='word_1_277' title='bbox 528 4165 671 4239; x_wconf 91' lang='lat' dir='ltr'>militem,</span> <span class='ocrx_word' id='word_1_278' title='bbox 686 4166 807 4250; x_wconf 88' lang='lat' dir='ltr'>absque</span> <span class='ocrx_word' id='word_1_279' title='bbox 818 4184 882 4249; x_wconf 84' lang='lat' dir='ltr'>uuo</span> <span class='ocrx_word' id='word_1_280' title='bbox 895 4168 979 4235; x_wconf 91' lang='lat' dir='ltr'>idem</span> <span class='ocrx_word' id='word_1_281' title='bbox 992 4168 1106 4233; x_wconf 86' lang='lat' dir='ltr'>suisset</span> <span class='ocrx_word' id='word_1_282' title='bbox 1121 4182 1266 4248; x_wconf 84' lang='lat' dir='ltr'>passum,</span> 
     </span>
    </p>
   </div>
   <div class='ocr_carea' id='block_1_3' title="bbox 0 0 1534 4946">
    <p class='ocr_par' dir='ltr' id='par_1_8' title="bbox 0 0 1534 4946">
     <span class='ocr_line' id='line_1_39' title="bbox 0 0 1534 4946; baseline 0 0"><span class='ocrx_word' id='word_1_283' title='bbox 0 0 1534 4946; x_wconf 95' lang='lat' dir='ltr'> </span> 
     </span>
    </p>
   </div>
  </div>
 </body>
</html>
