3014 4946
721 447 905 511 -aaa-

311 618 402 678 Anno
418 613 509 688 1515,
528 613 613 677 circa
630 613 746 677 leslum
762 612 942 678 Nativitalis
959 611 1062 676 sancti
1077 609 1212 675 loannis
1228 611 1350 690 Baptis-

273 721 323 778 lae
335 711 458 793 Viglius
471 711 641 792 collegium
653 729 747 777 suum
758 711 908 787 visitavit,
922 711 962 776 de
974 727 1037 792 quo
1049 710 1092 774 ita
1104 710 1142 774 ad
1156 710 1351 790 Hopperum‚

268 811 410 894 Epistola
433 810 493 886 CCa
508 811 601 892 (apud
623 811 743 874 Horncn
758 811 820 874 Vnu
843 815 1066 885 Pnanauauunr,
1084 825 1183 889 opere
1199 809 1310 883 citato,
1327 809 1350 884 l,

272 928 300 992 p.
327 910 407 989 lta),
434 909 546 974 scribit
571 927 578 972 :
603 933 619 967 a
633 909 711 973 Cum
726 908 913 973 meliuscule
929 925 967 972 ex
983 907 1136 972 oaco'e'thc
1159 923 1231 972 meo
1248 907 1351 972 valere

270 1007 455 1089 inciperem,
484 1016 515 1072 et
543 1009 648 1072 laedio
672 1007 916 1088 quadrimestris
942 1007 1110 1087 temporis,
1127 1023 1191 1087 quo
1207 1006 1352 1070 cubiculo

271 1109 433 1188 sellaeque
456 1107 608 1172 continuo
623 1106 742 1170 affixus
760 1106 815 1180 lui,
839 1105 985 1180 aflectus,
1003 1106 1076 1171 licet
1092 1106 1227 1186 pedibus
1243 1122 1347 1186 aeger,
1381 1134 1382 1138 =

188 1209 194 1226 ”
270 1206 442 1270 lovanium
471 1223 520 1270 me
546 1204 675 1276 deterri,
706 1205 875 1286 praeterita
906 1205 1115 1281 bebdomada,
1140 1204 1292 1280 sustinui,
1322 1213 1353 1268 ot

269 1303 410 1386 regentis
437 1304 564 1385 collegii
596 1303 657 1366 mei
684 1302 777 1382 primi
803 1302 924 1385 (supple
949 1324 955 1363 :
980 1302 1159 1386 rationibus
1183 1319 1241 1366 seu
1269 1317 1353 1366 com-

269 1403 418 1485 pulubus)
442 1402 645 1471 interessem.
674 1417 711 1465 ac
737 1402 885 1468 alumnos
912 1417 1000 1465 meos
1027 1397 1202 1476 visitarem,
1228 1400 1351 1464 cumin

190 1522 192 1526 ·
271 1501 399 1566 tertium
415 1517 532 1564 alanum
555 1499 597 1563 ibi
622 1517 686 1563 non
710 1499 854 1562 fuissem.
871 1499 930 1566 Ubi
948 1499 1054 1562 omnia
1070 1499 1102 1560 in
1125 1499 1247 1579 optimo
1271 1506 1350 1562 statu

269 1598 489 1680 regimineque
506 1597 660 1678 comperi,
680 1604 713 1661 ut
728 1614 854 1676 sperem
872 1614 921 1661 me
937 1597 1091 1677 deinceps
1107 1597 1246 1677 singulis
1261 1597 1351 1660 annis

271 1715 388 1763 novum
405 1698 470 1762 illic
485 1697 666 1761 habiturum
683 1696 896 1760 sacerdotem.
911 1719 929 1754 »
951 1699 1046 1760 balae
1061 1703 1151 1760 erant
1167 1697 1227 1761 hae
1243 1695 1349 1760 literas

269 1797 447 1871 Bruxellae,
467 1795 569 1877 pridie
584 1795 736 1858 calendas
750 1794 820 1874 julii
836 1793 911 1857 anni
927 1813 983 1858 cru.
1003 1813 1041 1858 rc.
1060 1813 1160 1857 uxxrn.

310 1895 477 1960 Abdicauit
505 1894 634 1958 Garrius
665 1910 701 1958 se
730 1909 862 1957 munere
893 1893 1106 1972 praesidentis
1137 1909 1221 1957 anno
1253 1891 1345 1971 1581,

259 1994 309 2062 ,30
324 1993 446 2074 aprilis,
462 1991 632 2072 impatiens
655 1990 801 2054 militaris
823 1990 1026 2069 insolentiae,
1044 2007 1105 2077 qua
1127 1991 1297 2073 collegium
1313 2007 1348 2054 eo

269 2101 414 2174 tempore
430 2092 617 2158 turbabatur
632 2097 664 2156 et
679 2090 901 2155 infestabatur.
989 2093 1011 2132 ³

313 2193 390 2256 Cum
406 2208 490 2256 anno
507 2191 598 2266 1519,
617 2190 677 2254 sub
701 2189 846 2270 principe
868 2189 1050 2272 Aurangico
1066 2191 1151 2272 turpi
1177 2191 1348 2271 conflagra-

271 2292 358 2356 lione
374 2291 535 2354 foedatum
552 2289 665 2354 luisset
688 2288 869 2368 collegium,
889 2289 1028 2366 barrius,
1046 2289 1207 2370 quondam
1224 2305 1349 2369 praeses

204 2407 210 2414 ’
261 2389 410 2470 collegii,
428 2389 461 2452 in
484 2387 554 2468 ejus
576 2385 843 2452 restaurationem
865 2386 999 2450 contulit
1022 2387 1072 2450 bis
1096 2387 1182 2466 mille
1199 2387 1346 2460 borenna,

273 2497 306 2552 ut
329 2495 462 2552 testatur
484 2487 616 2566 lloynclr
638 2487 704 2549 Van
729 2485 948 2566 Papendreoht
970 2485 1002 2548 in
1024 2485 1183 2549 Analectis
1212 2487 1348 2566 Belgicis,

120 2542 121 2546 Ὺ
219 2633 221 2638 .
271 2586 435 2666 1‚p.ttl.

188 2820 198 2839 .
313 2780 453 2856 Carrius
481 2779 657 2845 canonicus
684 2787 715 2844 ot
744 2779 1002 2860 archipresbyter
1027 2781 1182 2860 iprensis,
1211 2781 1348 2846 condens

272 2888 495 2946 testamentum
512 2895 606 2944 suum
619 2878 658 2940 16
673 2878 747 2962 maji
760 2878 852 2946 1601,
869 2879 912 2943 ita
928 2879 1040 2944 scribit
1056 2897 1063 2942 :
1081 2903 1097 2938 «
1113 2879 1147 2942 ln
1162 2880 1306 2962 reliquis,
1324 2879 1347 2942 si

271 2979 347 3060 quid
364 2979 506 3059 supersit
522 2977 646 3054 (solutis
662 2977 759 3040 variis
775 2977 888 3058 legatis
903 2986 934 3042 et
949 2978 1183 3058 debitis),volo‚
1195 2985 1229 3044 ut
1245 2995 1350 3044 succe·

272 3079 324 3143 dat
337 3078 507 3157 collegium
516 3076 695 3156 Viglianum
707 3077 838 3141 Lovanii
851 3077 883 3138 in
895 3078 1128 3156 reparationem
1142 3060 1229 3142 illius
1243 3077 1347 3160 partis,

271 3193 352 3258 quac
369 3193 426 3255 per
441 3175 624 3238 incendium
640 3174 773 3240 militum
791 3183 936 3254 tempore
951 3175 1010 3238 luit
1025 3175 1204 3256 absumpta.

314 3277 372 3341 Hic
398 3276 537 3350 GarriuS,
566 3275 599 3338 in
627 3275 760 3340 Sanderi
785 3277 936 3340 Flutrdtiu
961 3277 1128 3353 illustrato,
1157 3279 1194 3354 ll,
1223 3297 1254 3360 p.
1282 3277 1348 3352 318,

271 3377 389 3442 dicitur
404 3375 505 3440 luisse
521 3375 638 3439 nobilis
655 3375 791 3439 Batavus
808 3384 838 3440 et
855 3374 976 3440 obiisse
992 3375 1028 3438 tl
1048 3375 1121 3456 maji
1137 3371 1229 3440 1601.

313 3572 353 3636 11.
371 3573 487 3635 Parrus
502 3590 519 3633 l
534 3571 618 3645 Fine,
635 3571 730 3649 vulgo
751 3569 817 3632 Vuu
833 3571 892 3634 deta
907 3571 1048 3652 Epnden,
1067 3571 1226 3650 diruptus,
1243 3589 1350 3638 sacrac

272 3669 451 3750 theologiae
467 3668 649 3732 licentiatus
664 3675 695 3732 et
717 3667 755 3731 ab
778 3685 863 3732 anno
887 3669 967 3732 1510
990 3669 1029 3732 ad
1045 3669 1151 3732 divum
1168 3669 1346 3744 Quintinum

271 3767 558 3850 pastor,suocessit
570 3766 691 3830 Carrio.
705 3765 821 3831 Sacrae
836 3767 1015 3848 theologiae
1028 3767 1141 3831 doctor
1153 3769 1349 3833 renuntiatus

270 3882 356 3932 anno
379 3865 470 3941 1601,
488 3875 520 3930 01
534 3881 618 3928 atino
641 3863 720 3928 1513
745 3863 778 3926 10
794 3864 857 3928 divi
875 3865 958 3928 Petri
973 3865 1133 3930 secundae
1157 3865 1347 3932 solidationis

270 3965 457 4031 canonicus.
481 3965 573 4028 Anno
596 3963 688 4037 1611,
716 3961 880 4043 baphiis,
907 3963 1155 4044 praesidentiam
1181 3963 1344 4039 abdicavit,

207 4072 213 4078 “
255 4062 622 4146 Ι101101000000110310,
651 4062 713 4127 sibi
741 4061 840 4126 vixit
861 4061 946 4126 Obiit
975 4063 1011 4125 31
1039 4063 1220 4128 decembris
1249 4063 1342 4136 l6l6;

271 4164 417 4246 sepultus
434 4161 474 4228 ad
489 4161 598 4228 divum
614 4161 753 4226 Petrum.
772 4160 850 4226 Vide
865 4177 976 4226 sacrae
992 4161 1172 4242 theologiae
1187 4163 1341 4228 doctores.
