<?xml version="1.0" encoding="UTF-8"?>
<!DOCTYPE html PUBLIC "-//W3C//DTD XHTML 1.0 Transitional//EN"
    "http://www.w3.org/TR/xhtml1/DTD/xhtml1-transitional.dtd">
<html xmlns="http://www.w3.org/1999/xhtml" xml:lang="en" lang="en">
 <head>
  <title>
</title>
<meta http-equiv="Content-Type" content="text/html;charset=utf-8" />
  <meta name='ocr-system' content='tesseract 3.04.00' />
  <meta name='ocr-capabilities' content='ocr_page ocr_carea ocr_par ocr_line ocrx_word'/>
</head>
<body>
  <div class='ocr_page' id='page_1' title='image "./documentsrelati02reusgoog_0080.png"; bbox 0 0 3130 4942; ppageno 0'>
   <div class='ocr_carea' id='block_1_1' title="bbox 642 421 804 510">
    <p class='ocr_par' dir='ltr' id='par_1_1' title="bbox 642 421 804 510">
     <span class='ocr_line' id='line_1_1' title="bbox 642 421 804 510; baseline -0.006 -17"><span class='ocrx_word' id='word_1_1' title='bbox 642 421 804 510; x_wconf 68' lang='lat'>...73-¹</span> 
     </span>
    </p>
   </div>
   <div class='ocr_carea' id='block_1_2' title="bbox 171 609 1346 1373">
    <p class='ocr_par' dir='ltr' id='par_1_2' title="bbox 171 609 1346 990">
     <span class='ocr_line' id='line_1_2' title="bbox 180 609 1262 690; baseline 0.006 -22"><span class='ocrx_word' id='word_1_2' title='bbox 180 664 184 668; x_wconf 87' lang='lat'>.</span> <span class='ocrx_word' id='word_1_3' title='bbox 217 633 237 670; x_wconf 80' lang='lat' dir='ltr'>n</span> <span class='ocrx_word' id='word_1_4' title='bbox 256 609 524 690; x_wconf 63' lang='lat' dir='ltr'>Primoreditum,</span> <span class='ocrx_word' id='word_1_5' title='bbox 542 609 710 674; x_wconf 85' lang='lat' dir='ltr'>duodecim</span> <span class='ocrx_word' id='word_1_6' title='bbox 726 610 920 675; x_wconf 87' lang='lat' dir='ltr'>florenorum</span> <span class='ocrx_word' id='word_1_7' title='bbox 943 615 975 676; x_wconf 88' lang='lat' dir='ltr'>et</span> <span class='ocrx_word' id='word_1_8' title='bbox 991 609 1101 676; x_wconf 81' lang='lat' dir='ltr'>decern</span> <span class='ocrx_word' id='word_1_9' title='bbox 1125 609 1262 676; x_wconf 88' lang='lat' dir='ltr'>stufero-</span> 
     </span>
     <span class='ocr_line' id='line_1_3' title="bbox 171 707 1346 796; baseline -0.002 -24"><span class='ocrx_word' id='word_1_10' title='bbox 171 724 251 772; x_wconf 92' lang='lat' dir='ltr'>rum</span> <span class='ocrx_word' id='word_1_11' title='bbox 274 724 390 780; x_wconf 87' lang='lat' dir='ltr'>annue,</span> <span class='ocrx_word' id='word_1_12' title='bbox 408 707 585 790; x_wconf 87' lang='lat' dir='ltr'>quemcmi</span> <span class='ocrx_word' id='word_1_13' title='bbox 607 709 646 772; x_wconf 91' lang='lat' dir='ltr'>ad</span> <span class='ocrx_word' id='word_1_14' title='bbox 661 707 813 773; x_wconf 74' lang='lat' dir='ltr'>Iacobum</span> <span class='ocrx_word' id='word_1_15' title='bbox 835 708 990 784; x_wconf 83' lang='lat' dir='ltr'>biicbieis,</span> <span class='ocrx_word' id='word_1_16' title='bbox 1011 708 1134 772; x_wconf 83' lang='lat' dir='ltr'>fabrum</span> <span class='ocrx_word' id='word_1_17' title='bbox 1157 723 1262 774; x_wconf 87' lang='lat' dir='ltr'>mura·</span> <span class='ocrx_word' id='word_1_18' title='bbox 1344 791 1346 796; x_wconf 69' lang='lat'>‚</span> 
     </span>
     <span class='ocr_line' id='line_1_4' title="bbox 174 805 1262 896; baseline -0.002 -24"><span class='ocrx_word' id='word_1_19' title='bbox 174 807 276 880; x_wconf 92' lang='lat' dir='ltr'>rium,</span> <span class='ocrx_word' id='word_1_20' title='bbox 295 823 391 887; x_wconf 90' lang='lat' dir='ltr'>super</span> <span class='ocrx_word' id='word_1_21' title='bbox 408 821 576 885; x_wconf 87' lang='lat' dir='ltr'>personam</span> <span class='ocrx_word' id='word_1_22' title='bbox 591 805 677 888; x_wconf 88' lang='lat' dir='ltr'>ejus;</span> <span class='ocrx_word' id='word_1_23' title='bbox 704 813 736 871; x_wconf 89' lang='lat' dir='ltr'>et</span> <span class='ocrx_word' id='word_1_24' title='bbox 751 815 801 872; x_wconf 91' lang='lat' dir='ltr'>est</span> <span class='ocrx_word' id='word_1_25' title='bbox 817 807 898 871; x_wconf 85' lang='lat' dir='ltr'>iacta</span> <span class='ocrx_word' id='word_1_26' title='bbox 913 807 1117 896; x_wconf 87' lang='lat' dir='ltr'>adductioad</span> <span class='ocrx_word' id='word_1_27' title='bbox 1134 808 1262 871; x_wconf 92' lang='lat' dir='ltr'>domum</span> 
     </span>
     <span class='ocr_line' id='line_1_5' title="bbox 175 904 1133 990; baseline 0 -18"><span class='ocrx_word' id='word_1_28' title='bbox 175 906 251 986; x_wconf 75' lang='lat' dir='ltr'>eius</span> <span class='ocrx_word' id='word_1_29' title='bbox 267 905 299 968; x_wconf 93' lang='lat' dir='ltr'>in</span> <span class='ocrx_word' id='word_1_30' title='bbox 316 915 346 968; x_wconf 93' lang='lat' dir='ltr'>et</span> <span class='ocrx_word' id='word_1_31' title='bbox 362 904 522 968; x_wconf 86' lang='lat' dir='ltr'>advillam</span> <span class='ocrx_word' id='word_1_32' title='bbox 538 913 569 969; x_wconf 87' lang='lat' dir='ltr'>ct</span> <span class='ocrx_word' id='word_1_33' title='bbox 583 905 667 970; x_wconf 91' lang='lat' dir='ltr'>bona</span> <span class='ocrx_word' id='word_1_34' title='bbox 683 905 752 990; x_wconf 70' lang='lat' dir='ltr'>eius</span> <span class='ocrx_word' id='word_1_35' title='bbox 768 906 800 970; x_wconf 93' lang='lat' dir='ltr'>in</span> <span class='ocrx_word' id='word_1_36' title='bbox 816 906 1013 972; x_wconf 90' lang='lat' dir='ltr'>Nodebasio.</span> <span class='ocrx_word' id='word_1_37' title='bbox 1112 941 1133 956; x_wconf 77' lang='lat'>,.</span> 
     </span>
    </p>

    <p class='ocr_par' dir='ltr' id='par_1_3' title="bbox 177 1003 1267 1267">
     <span class='ocr_line' id='line_1_6' title="bbox 221 1003 1265 1084; baseline 0.006 -22"><span class='ocrx_word' id='word_1_38' title='bbox 221 1025 241 1062; x_wconf 74' lang='lat' dir='ltr'>s</span> <span class='ocrx_word' id='word_1_39' title='bbox 257 1003 404 1068; x_wconf 89' lang='lat' dir='ltr'>secundo</span> <span class='ocrx_word' id='word_1_40' title='bbox 420 1003 556 1078; x_wconf 82' lang='lat' dir='ltr'>reditum</span> <span class='ocrx_word' id='word_1_41' title='bbox 573 1019 686 1069; x_wconf 86' lang='lat' dir='ltr'>nonem</span> <span class='ocrx_word' id='word_1_42' title='bbox 702 1004 898 1070; x_wconf 90' lang='lat' dir='ltr'>florenorum</span> <span class='ocrx_word' id='word_1_43' title='bbox 922 1013 952 1070; x_wconf 89' lang='lat' dir='ltr'>et</span> <span class='ocrx_word' id='word_1_44' title='bbox 967 1011 1091 1084; x_wconf 82' lang='lat' dir='ltr'><strong>septem</strong></span> <span class='ocrx_word' id='word_1_45' title='bbox 1107 1021 1179 1068; x_wconf 93' lang='lat' dir='ltr'>cum</span> <span class='ocrx_word' id='word_1_46' title='bbox 1198 1019 1265 1070; x_wconf 92' lang='lat' dir='ltr'>me·</span> 
     </span>
     <span class='ocr_line' id='line_1_7' title="bbox 177 1095 1267 1182; baseline -0.001 -15"><span class='ocrx_word' id='word_1_47' title='bbox 177 1095 235 1168; x_wconf 86' lang='lat' dir='ltr'>dio</span> <span class='ocrx_word' id='word_1_48' title='bbox 258 1103 452 1166; x_wconf 83' lang='lat' dir='ltr'>stuierorum</span> <span class='ocrx_word' id='word_1_49' title='bbox 474 1100 512 1164; x_wconf 92' lang='lat' dir='ltr'>ad</span> <span class='ocrx_word' id='word_1_50' title='bbox 534 1101 688 1166; x_wconf 86' lang='lat' dir='ltr'>Joanncm</span> <span class='ocrx_word' id='word_1_51' title='bbox 710 1112 741 1169; x_wconf 89' lang='lat' dir='ltr'>et</span> <span class='ocrx_word' id='word_1_52' title='bbox 759 1102 890 1168; x_wconf 88' lang='lat' dir='ltr'>Paulum</span> <span class='ocrx_word' id='word_1_53' title='bbox 916 1105 960 1168; x_wconf 84' lang='lat' dir='ltr'>be</span> <span class='ocrx_word' id='word_1_54' title='bbox 976 1102 1094 1167; x_wconf 88' lang='lat' dir='ltr'>Ridder</span> <span class='ocrx_word' id='word_1_55' title='bbox 1116 1111 1267 1182; x_wconf 85' lang='lat' dir='ltr'>certaque</span> 
     </span>
     <span class='ocr_line' id='line_1_8' title="bbox 180 1199 480 1267; baseline -0.013 -1"><span class='ocrx_word' id='word_1_56' title='bbox 180 1200 371 1267; x_wconf 90' lang='lat' dir='ltr'>eorumdem</span> <span class='ocrx_word' id='word_1_57' title='bbox 386 1199 480 1264; x_wconf 91' lang='lat' dir='ltr'>bona.</span> 
     </span>
    </p>

    <p class='ocr_par' dir='ltr' id='par_1_4' title="bbox 224 1295 1265 1373">
     <span class='ocr_line' id='line_1_9' title="bbox 224 1295 1265 1373; baseline 0.006 -17"><span class='ocrx_word' id='word_1_58' title='bbox 224 1321 242 1357; x_wconf 67' lang='lat'>2&gt;</span> <span class='ocrx_word' id='word_1_59' title='bbox 259 1299 366 1362; x_wconf 85' lang='lat' dir='ltr'>Tertio</span> <span class='ocrx_word' id='word_1_60' title='bbox 383 1299 519 1363; x_wconf 85' lang='lat' dir='ltr'>reditum</span> <span class='ocrx_word' id='word_1_61' title='bbox 541 1298 637 1364; x_wconf 89' lang='lat' dir='ltr'>trium</span> <span class='ocrx_word' id='word_1_62' title='bbox 652 1298 847 1364; x_wconf 87' lang='lat' dir='ltr'>florenorum</span> <span class='ocrx_word' id='word_1_63' title='bbox 870 1300 908 1364; x_wconf 91' lang='lat' dir='ltr'>ad</span> <span class='ocrx_word' id='word_1_64' title='bbox 925 1303 1079 1365; x_wconf 86' lang='lat' dir='ltr'>ioannem</span> <span class='ocrx_word' id='word_1_65' title='bbox 1094 1295 1265 1373; x_wconf 86' lang='lat' dir='ltr'>Rabbacrt‚</span> 
     </span>
    </p>
   </div>
   <div class='ocr_carea' id='block_1_3' title="bbox 180 1397 1389 1482">
    <p class='ocr_par' dir='ltr' id='par_1_5' title="bbox 180 1397 1389 1482">
     <span class='ocr_line' id='line_1_10' title="bbox 180 1397 1389 1482; baseline -0.003 -18"><span class='ocrx_word' id='word_1_66' title='bbox 180 1397 368 1464; x_wconf 84' lang='lat' dir='ltr'>calciarium</span> <span class='ocrx_word' id='word_1_67' title='bbox 381 1413 398 1462; x_wconf 90' lang='lat' dir='ltr'>e</span> <span class='ocrx_word' id='word_1_68' title='bbox 410 1397 542 1478; x_wconf 80' lang='lat' dir='ltr'>regione</span> <span class='ocrx_word' id='word_1_69' title='bbox 557 1397 702 1480; x_wconf 79' lang='lat' dir='ltr'>collegii3</span> <span class='ocrx_word' id='word_1_70' title='bbox 719 1405 751 1464; x_wconf 89' lang='lat' dir='ltr'>et</span> <span class='ocrx_word' id='word_1_71' title='bbox 764 1408 814 1463; x_wconf 92' lang='lat' dir='ltr'>est</span> <span class='ocrx_word' id='word_1_72' title='bbox 826 1399 906 1463; x_wconf 87' lang='lat' dir='ltr'>iacta</span> <span class='ocrx_word' id='word_1_73' title='bbox 921 1399 1071 1464; x_wconf 77' lang='lat' dir='ltr'>adductio</span> <span class='ocrx_word' id='word_1_74' title='bbox 1083 1398 1122 1462; x_wconf 90' lang='lat' dir='ltr'>ad</span> <span class='ocrx_word' id='word_1_75' title='bbox 1137 1397 1267 1482; x_wconf 81' lang='lat' dir='ltr'>domum</span> <span class='ocrx_word' id='word_1_76' title='bbox 1387 1449 1389 1454; x_wconf 96' lang='lat'><em>.</em></span> 
     </span>
    </p>
   </div>
   <div class='ocr_carea' id='block_1_4' title="bbox 151 1497 1292 1974">
    <p class='ocr_par' dir='ltr' id='par_1_6' title="bbox 182 1497 610 1578">
     <span class='ocr_line' id='line_1_11' title="bbox 182 1497 610 1578; baseline -0.005 -16"><span class='ocrx_word' id='word_1_77' title='bbox 182 1497 253 1578; x_wconf 86' lang='lat' dir='ltr'>ejus</span> <span class='ocrx_word' id='word_1_78' title='bbox 269 1497 387 1560; x_wconf 90' lang='lat' dir='ltr'>dietam</span> <span class='ocrx_word' id='word_1_79' title='bbox 402 1498 449 1560; x_wconf 83' lang='lat' dir='ltr'>Dc</span> <span class='ocrx_word' id='word_1_80' title='bbox 462 1499 610 1578; x_wconf 77' lang='lat' dir='ltr'>ancert</span> 
     </span>
    </p>

    <p class='ocr_par' dir='ltr' id='par_1_7' title="bbox 151 1541 1292 1974">
     <span class='ocr_line' id='line_1_12' title="bbox 225 1541 1267 1677; baseline 0.002 -23"><span class='ocrx_word' id='word_1_81' title='bbox 225 1618 243 1654; x_wconf 78' lang='lat' dir='ltr'>s</span> <span class='ocrx_word' id='word_1_82' title='bbox 261 1595 294 1658; x_wconf 87' lang='lat' dir='ltr'>si</span> <span class='ocrx_word' id='word_1_83' title='bbox 311 1594 513 1675; x_wconf 92' lang='lat' dir='ltr'>praepositus</span> <span class='ocrx_word' id='word_1_84' title='bbox 529 1593 634 1659; x_wconf 87' lang='lat' dir='ltr'>officio</span> <span class='ocrx_word' id='word_1_85' title='bbox 653 1612 711 1674; x_wconf 91' lang='lat' dir='ltr'>per</span> <span class='ocrx_word' id='word_1_86' title='bbox 725 1613 761 1660; x_wconf 90' lang='lat' dir='ltr'>se</span> <span class='ocrx_word' id='word_1_87' title='bbox 776 1612 839 1661; x_wconf 93' lang='lat' dir='ltr'>non</span> <span class='ocrx_word' id='word_1_88' title='bbox 856 1595 1028 1677; x_wconf 82' lang='lat' dir='ltr'>s&#39;ungatur</span> <span class='ocrx_word' id='word_1_89' title='bbox 1020 1613 1053 1658; x_wconf 90' lang='lat' dir='ltr'>rn</span> <span class='ocrx_word' id='word_1_90' title='bbox 1068 1594 1162 1660; x_wconf 90' lang='lat' dir='ltr'>dictis</span> <span class='ocrx_word' id='word_1_91' title='bbox 1178 1541 1267 1659; x_wconf 85' lang='lat' dir='ltr'>festi·</span> 
     </span>
     <span class='ocr_line' id='line_1_13' title="bbox 184 1691 1292 1776; baseline -0.002 -17"><span class='ocrx_word' id='word_1_92' title='bbox 184 1693 349 1767; x_wconf 85' lang='lat' dir='ltr'>vitatibus,</span> <span class='ocrx_word' id='word_1_93' title='bbox 374 1692 535 1776; x_wconf 85' lang='lat' dir='ltr'>supplebit</span> <span class='ocrx_word' id='word_1_94' title='bbox 560 1692 683 1758; x_wconf 89' lang='lat' dir='ltr'>locum</span> <span class='ocrx_word' id='word_1_95' title='bbox 692 1692 761 1773; x_wconf 89' lang='lat' dir='ltr'>ejus</span> <span class='ocrx_word' id='word_1_96' title='bbox 789 1693 941 1768; x_wconf 90' lang='lat' dir='ltr'>decanus,</span> <span class='ocrx_word' id='word_1_97' title='bbox 966 1701 998 1759; x_wconf 91' lang='lat' dir='ltr'>ct</span> <span class='ocrx_word' id='word_1_98' title='bbox 1023 1693 1095 1758; x_wconf 90' lang='lat' dir='ltr'>loco</span> <span class='ocrx_word' id='word_1_99' title='bbox 1117 1691 1292 1772; x_wconf 49' lang='lat' dir='ltr'>stipendii,</span> 
     </span>
     <span class='ocr_line' id='line_1_14' title="bbox 151 1791 1269 1873; baseline -0.004 -13"><span class='ocrx_word' id='word_1_100' title='bbox 151 1849 155 1860; x_wconf 92' lang='lat'>.</span> <span class='ocrx_word' id='word_1_101' title='bbox 183 1793 245 1858; x_wconf 89' lang='lat' dir='ltr'>sibi</span> <span class='ocrx_word' id='word_1_102' title='bbox 272 1791 440 1872; x_wconf 79' lang='lat' dir='ltr'>assignati,</span> <span class='ocrx_word' id='word_1_103' title='bbox 471 1791 599 1856; x_wconf 87' lang='lat' dir='ltr'>babebit</span> <span class='ocrx_word' id='word_1_104' title='bbox 627 1797 747 1856; x_wconf 90' lang='lat' dir='ltr'>tantum</span> <span class='ocrx_word' id='word_1_105' title='bbox 774 1801 926 1873; x_wconf 88' lang='lat' dir='ltr'>quantum</span> <span class='ocrx_word' id='word_1_106' title='bbox 955 1792 1139 1873; x_wconf 89' lang='lat' dir='ltr'>praeposito</span> <span class='ocrx_word' id='word_1_107' title='bbox 1155 1792 1269 1856; x_wconf 85' lang='lat' dir='ltr'>iuerat</span> 
     </span>
     <span class='ocr_line' id='line_1_15' title="bbox 182 1891 1268 1974; baseline -0.001 -19"><span class='ocrx_word' id='word_1_108' title='bbox 182 1891 400 1974; x_wconf 72' lang='lat' dir='ltr'>assignatum</span> <span class='ocrx_word' id='word_1_109' title='bbox 418 1897 449 1956; x_wconf 89' lang='lat' dir='ltr'>ct</span> <span class='ocrx_word' id='word_1_110' title='bbox 465 1891 671 1972; x_wconf 78' lang='lat' dir='ltr'>stipendium,</span> <span class='ocrx_word' id='word_1_111' title='bbox 686 1893 771 1973; x_wconf 87' lang='lat' dir='ltr'>quod</span> <span class='ocrx_word' id='word_1_112' title='bbox 788 1909 845 1972; x_wconf 92' lang='lat' dir='ltr'>pro</span> <span class='ocrx_word' id='word_1_113' title='bbox 862 1909 919 1958; x_wconf 89' lang='lat' dir='ltr'>sua</span> <span class='ocrx_word' id='word_1_114' title='bbox 936 1891 1115 1973; x_wconf 85' lang='lat' dir='ltr'>praesentia</span> <span class='ocrx_word' id='word_1_115' title='bbox 1128 1898 1196 1955; x_wconf 88' lang='lat' dir='ltr'>erat</span> <span class='ocrx_word' id='word_1_116' title='bbox 1211 1891 1268 1954; x_wconf 89' lang='lat' dir='ltr'>ba-</span> 
     </span>
    </p>
   </div>
   <div class='ocr_carea' id='block_1_5' title="bbox 181 1988 1486 2176">
    <p class='ocr_par' dir='ltr' id='par_1_8' title="bbox 181 1988 1486 2176">
     <span class='ocr_line' id='line_1_16' title="bbox 181 1988 1486 2084; baseline 0.002 -30"><span class='ocrx_word' id='word_1_117' title='bbox 181 1989 321 2065; x_wconf 85' lang='lat' dir='ltr'>bituros,</span> <span class='ocrx_word' id='word_1_118' title='bbox 336 1989 537 2069; x_wconf 90' lang='lat' dir='ltr'>impendetur</span> <span class='ocrx_word' id='word_1_119' title='bbox 552 1989 584 2052; x_wconf 91' lang='lat' dir='ltr'>in</span> <span class='ocrx_word' id='word_1_120' title='bbox 600 1990 746 2054; x_wconf 88' lang='lat' dir='ltr'>cumdem</span> <span class='ocrx_word' id='word_1_121' title='bbox 764 2007 868 2065; x_wconf 91' lang='lat' dir='ltr'>usum,</span> <span class='ocrx_word' id='word_1_122' title='bbox 883 1990 934 2055; x_wconf 94' lang='lat' dir='ltr'>cui</span> <span class='ocrx_word' id='word_1_123' title='bbox 950 1990 1092 2071; x_wconf 84' lang='lat' dir='ltr'>reliquae</span> <span class='ocrx_word' id='word_1_124' title='bbox 1103 1988 1269 2059; x_wconf 81' lang='lat' dir='ltr'>absentiae</span> <span class='ocrx_word' id='word_1_125' title='bbox 1358 2051 1363 2060; x_wconf 82' lang='lat'>.</span> <span class='ocrx_word' id='word_1_126' title='bbox 1478 2072 1486 2084; x_wconf 31' lang='grc' dir='ltr'><em>ι</em></span> 
     </span>
     <span class='ocr_line' id='line_1_17' title="bbox 182 2086 1365 2176; baseline 0.001 -23"><span class='ocrx_word' id='word_1_127' title='bbox 182 2087 310 2153; x_wconf 89' lang='lat' dir='ltr'>cedent.</span> <span class='ocrx_word' id='word_1_128' title='bbox 342 2086 375 2150; x_wconf 90' lang='lat' dir='ltr'>Si</span> <span class='ocrx_word' id='word_1_129' title='bbox 400 2095 504 2151; x_wconf 87' lang='lat' dir='ltr'>tamen</span> <span class='ocrx_word' id='word_1_130' title='bbox 532 2087 734 2176; x_wconf 89' lang='lat' dir='ltr'>praepositus</span> <span class='ocrx_word' id='word_1_131' title='bbox 763 2105 827 2153; x_wconf 94' lang='lat' dir='ltr'>non</span> <span class='ocrx_word' id='word_1_132' title='bbox 857 2089 993 2168; x_wconf 75' lang='lat' dir='ltr'>iungens</span> <span class='ocrx_word' id='word_1_133' title='bbox 1020 2087 1126 2154; x_wconf 88' lang='lat' dir='ltr'>officio</span> <span class='ocrx_word' id='word_1_134' title='bbox 1154 2087 1267 2152; x_wconf 88' lang='lat' dir='ltr'>saltem</span> <span class='ocrx_word' id='word_1_135' title='bbox 1362 2149 1365 2154; x_wconf 90' lang='lat'>.</span> 
     </span>
    </p>
   </div>
   <div class='ocr_carea' id='block_1_6' title="bbox 182 2184 1271 2761">
    <p class='ocr_par' dir='ltr' id='par_1_9' title="bbox 182 2184 1270 2446">
     <span class='ocr_line' id='line_1_18' title="bbox 185 2184 1270 2268; baseline 0.001 -19"><span class='ocrx_word' id='word_1_136' title='bbox 185 2185 365 2267; x_wconf 89' lang='lat' dir='ltr'>praesentia</span> <span class='ocrx_word' id='word_1_137' title='bbox 381 2201 439 2250; x_wconf 91' lang='lat' dir='ltr'>sua</span> <span class='ocrx_word' id='word_1_138' title='bbox 452 2185 593 2249; x_wconf 90' lang='lat' dir='ltr'>divinum</span> <span class='ocrx_word' id='word_1_139' title='bbox 606 2184 746 2250; x_wconf 87' lang='lat' dir='ltr'>officinm</span> <span class='ocrx_word' id='word_1_140' title='bbox 762 2187 922 2254; x_wconf 86' lang='lat' dir='ltr'>bonorare</span> <span class='ocrx_word' id='word_1_141' title='bbox 934 2187 1126 2268; x_wconf 79' lang='lat' dir='ltr'>dignabitur,</span> <span class='ocrx_word' id='word_1_142' title='bbox 1141 2185 1270 2251; x_wconf 88' lang='lat' dir='ltr'>habebit</span> 
     </span>
     <span class='ocr_line' id='line_1_19' title="bbox 182 2283 1267 2366; baseline 0.001 -18"><span class='ocrx_word' id='word_1_143' title='bbox 182 2284 454 2358; x_wconf 86' lang='lat' dir='ltr'>distributionem,</span> <span class='ocrx_word' id='word_1_144' title='bbox 477 2299 571 2365; x_wconf 87' lang='lat' dir='ltr'>quarn</span> <span class='ocrx_word' id='word_1_145' title='bbox 597 2283 763 2349; x_wconf 87' lang='lat' dir='ltr'>babituros</span> <span class='ocrx_word' id='word_1_146' title='bbox 786 2292 864 2360; x_wconf 90' lang='lat' dir='ltr'>erat,</span> <span class='ocrx_word' id='word_1_147' title='bbox 888 2285 942 2366; x_wconf 85' lang='lat' dir='ltr'>qui</span> <span class='ocrx_word' id='word_1_148' title='bbox 965 2284 1036 2364; x_wconf 75' lang='lat' dir='ltr'>eius</span> <span class='ocrx_word' id='word_1_149' title='bbox 1062 2285 1134 2349; x_wconf 91' lang='lat' dir='ltr'>loco</span> <span class='ocrx_word' id='word_1_150' title='bbox 1155 2284 1267 2366; x_wconf 84' lang='lat' dir='ltr'>iunge-</span> 
     </span>
     <span class='ocr_line' id='line_1_20' title="bbox 183 2381 647 2446; baseline -0.009 0"><span class='ocrx_word' id='word_1_151' title='bbox 183 2381 368 2446; x_wconf 87' lang='lat' dir='ltr'>torofflcio</span> <span class='ocrx_word' id='word_1_152' title='bbox 463 2434 468 2440; x_wconf 89' lang='lat'>.</span> <span class='ocrx_word' id='word_1_153' title='bbox 646 2435 647 2442; x_wconf 74' lang='grc'>,</span> 
     </span>
    </p>

    <p class='ocr_par' dir='ltr' id='par_1_10' title="bbox 183 2481 1271 2761">
     <span class='ocr_line' id='line_1_21' title="bbox 224 2481 1271 2558; baseline 0.005 -18"><span class='ocrx_word' id='word_1_154' title='bbox 224 2505 242 2540; x_wconf 85' lang='grc'>»</span> <span class='ocrx_word' id='word_1_155' title='bbox 258 2481 443 2545; x_wconf 84' lang='lat' dir='ltr'>Praesentia</span> <span class='ocrx_word' id='word_1_156' title='bbox 459 2481 686 2547; x_wconf 89' lang='lat' dir='ltr'>canonicorum</span> <span class='ocrx_word' id='word_1_157' title='bbox 703 2482 882 2558; x_wconf 88' lang='lat' dir='ltr'>absentium</span> <span class='ocrx_word' id='word_1_158' title='bbox 898 2483 1138 2548; x_wconf 79' lang='lat' dir='ltr'>reservabitur</span> <span class='ocrx_word' id='word_1_159' title='bbox 1131 2499 1164 2544; x_wconf 86' lang='lat' dir='ltr'>rn</span> <span class='ocrx_word' id='word_1_160' title='bbox 1180 2497 1271 2546; x_wconf 89' lang='lat' dir='ltr'>aera·</span> 
     </span>
     <span class='ocr_line' id='line_1_22' title="bbox 183 2553 1271 2663; baseline -0.001 -19"><span class='ocrx_word' id='word_1_161' title='bbox 183 2581 232 2646; x_wconf 92' lang='lat' dir='ltr'>rio</span> <span class='ocrx_word' id='word_1_162' title='bbox 255 2579 397 2660; x_wconf 87' lang='lat' dir='ltr'>capituli,</span> <span class='ocrx_word' id='word_1_163' title='bbox 420 2587 464 2653; x_wconf 90' lang='lat' dir='ltr'>ut,</span> <span class='ocrx_word' id='word_1_164' title='bbox 482 2579 510 2644; x_wconf 94' lang='lat' dir='ltr'>si</span> <span class='ocrx_word' id='word_1_165' title='bbox 532 2580 695 2662; x_wconf 81' lang='lat' dir='ltr'>contingat</span> <span class='ocrx_word' id='word_1_166' title='bbox 716 2581 876 2647; x_wconf 90' lang='lat' dir='ltr'>interdum</span> <span class='ocrx_word' id='word_1_167' title='bbox 899 2553 1024 2663; x_wconf 80' lang='lat' dir='ltr'>aliquos</span> <span class='ocrx_word' id='word_1_168' title='bbox 1047 2581 1168 2658; x_wconf 84' lang='lat' dir='ltr'>reditus</span> <span class='ocrx_word' id='word_1_169' title='bbox 1190 2586 1271 2661; x_wconf 88' lang='lat' dir='ltr'>tenr-</span> 
     </span>
     <span class='ocr_line' id='line_1_23' title="bbox 186 2679 1270 2761; baseline -0.002 -17"><span class='ocrx_word' id='word_1_170' title='bbox 186 2679 310 2760; x_wconf 92' lang='lat' dir='ltr'>pestive</span> <span class='ocrx_word' id='word_1_171' title='bbox 327 2695 391 2743; x_wconf 92' lang='lat' dir='ltr'>non</span> <span class='ocrx_word' id='word_1_172' title='bbox 405 2679 500 2754; x_wconf 86' lang='lat' dir='ltr'>solvi,</span> <span class='ocrx_word' id='word_1_173' title='bbox 517 2696 555 2744; x_wconf 85' lang='lat' dir='ltr'>ex</span> <span class='ocrx_word' id='word_1_174' title='bbox 571 2687 660 2761; x_wconf 88' lang='lat' dir='ltr'>parte</span> <span class='ocrx_word' id='word_1_175' title='bbox 675 2679 786 2744; x_wconf 88' lang='lat' dir='ltr'>saltem</span> <span class='ocrx_word' id='word_1_176' title='bbox 810 2681 885 2746; x_wconf 91' lang='lat' dir='ltr'>inde</span> <span class='ocrx_word' id='word_1_177' title='bbox 901 2681 1088 2761; x_wconf 85' lang='lat' dir='ltr'>suppleatur</span> <span class='ocrx_word' id='word_1_178' title='bbox 1113 2679 1270 2744; x_wconf 87' lang='lat' dir='ltr'>defectus</span> 
     </span>
    </p>
   </div>
   <div class='ocr_carea' id='block_1_7' title="bbox 186 2776 1383 2859">
    <p class='ocr_par' dir='ltr' id='par_1_11' title="bbox 186 2776 1383 2859">
     <span class='ocr_line' id='line_1_24' title="bbox 186 2776 1383 2859; baseline 0 -18"><span class='ocrx_word' id='word_1_179' title='bbox 186 2779 289 2858; x_wconf 77' lang='lat' dir='ltr'>Atque</span> <span class='ocrx_word' id='word_1_180' title='bbox 305 2776 505 2842; x_wconf 86' lang='lat' dir='ltr'>adeumdem</span> <span class='ocrx_word' id='word_1_181' title='bbox 523 2776 619 2843; x_wconf 87' lang='lat' dir='ltr'>tinam</span> <span class='ocrx_word' id='word_1_182' title='bbox 635 2779 728 2842; x_wconf 91' lang='lat' dir='ltr'>etiam</span> <span class='ocrx_word' id='word_1_183' title='bbox 744 2779 777 2842; x_wconf 93' lang='lat' dir='ltr'>in</span> <span class='ocrx_word' id='word_1_184' title='bbox 790 2779 918 2856; x_wconf 78' lang='lat' dir='ltr'>aerario</span> <span class='ocrx_word' id='word_1_185' title='bbox 931 2785 1127 2859; x_wconf 88' lang='lat' dir='ltr'>reponentur</span> <span class='ocrx_word' id='word_1_186' title='bbox 1138 2777 1183 2840; x_wconf 90' lang='lat' dir='ltr'>ilii</span> <span class='ocrx_word' id='word_1_187' title='bbox 1200 2793 1270 2858; x_wconf 87' lang='lat' dir='ltr'>sep·</span> <span class='ocrx_word' id='word_1_188' title='bbox 1381 2779 1383 2785; x_wconf 84' lang='lat'>&#39;</span> 
     </span>
    </p>
   </div>
   <div class='ocr_carea' id='block_1_8' title="bbox 127 2866 1272 3850">
    <p class='ocr_par' dir='ltr' id='par_1_12' title="bbox 185 2866 1268 3064">
     <span class='ocr_line' id='line_1_25' title="bbox 186 2866 1268 2963; baseline -0.001 -24"><span class='ocrx_word' id='word_1_189' title='bbox 186 2866 356 2940; x_wconf 88' lang='lat' dir='ltr'>temdecim</span> <span class='ocrx_word' id='word_1_190' title='bbox 382 2893 453 2940; x_wconf 93' lang='lat' dir='ltr'>cum</span> <span class='ocrx_word' id='word_1_191' title='bbox 481 2875 586 2941; x_wconf 92' lang='lat' dir='ltr'>medio</span> <span class='ocrx_word' id='word_1_192' title='bbox 612 2877 741 2953; x_wconf 82' lang='lat' dir='ltr'>statori,</span> <span class='ocrx_word' id='word_1_193' title='bbox 769 2877 821 2959; x_wconf 87' lang='lat' dir='ltr'>qui</span> <span class='ocrx_word' id='word_1_194' title='bbox 848 2895 887 2944; x_wconf 87' lang='lat' dir='ltr'>ex</span> <span class='ocrx_word' id='word_1_195' title='bbox 913 2877 1088 2959; x_wconf 58' lang='lat' dir='ltr'>assignatis⁴</span> <span class='ocrx_word' id='word_1_196' title='bbox 1111 2875 1268 2963; x_wconf 86' lang='lat' dir='ltr'>reditibus</span> 
     </span>
     <span class='ocr_line' id='line_1_26' title="bbox 185 2974 1164 3064; baseline -0.001 -26"><span class='ocrx_word' id='word_1_197' title='bbox 185 2974 268 3038; x_wconf 89' lang='lat' dir='ltr'>ultra</span> <span class='ocrx_word' id='word_1_198' title='bbox 285 2974 501 3054; x_wconf 79' lang='lat' dir='ltr'>supradictam</span> <span class='ocrx_word' id='word_1_199' title='bbox 517 2974 776 3064; x_wconf 90' lang='lat' dir='ltr'>distributionem</span> <span class='ocrx_word' id='word_1_200' title='bbox 792 2977 962 3058; x_wconf 88' lang='lat' dir='ltr'>quotannis</span> <span class='ocrx_word' id='word_1_201' title='bbox 978 2981 1164 3060; x_wconf 86' lang='lat' dir='ltr'>supersunt.</span> 
     </span>
    </p>

    <p class='ocr_par' dir='ltr' id='par_1_13' title="bbox 127 3070 1272 3845">
     <span class='ocr_line' id='line_1_27' title="bbox 226 3070 1268 3152; baseline 0.005 -23"><span class='ocrx_word' id='word_1_202' title='bbox 226 3093 245 3129; x_wconf 84' lang='lat'>»</span> <span class='ocrx_word' id='word_1_203' title='bbox 261 3071 415 3152; x_wconf 87' lang='lat' dir='ltr'>Receptio</span> <span class='ocrx_word' id='word_1_204' title='bbox 432 3079 463 3150; x_wconf 91' lang='lat' dir='ltr'>et</span> <span class='ocrx_word' id='word_1_205' title='bbox 478 3071 709 3138; x_wconf 86' lang='lat' dir='ltr'>administratio</span> <span class='ocrx_word' id='word_1_206' title='bbox 725 3074 839 3150; x_wconf 89' lang='lat' dir='ltr'>horum</span> <span class='ocrx_word' id='word_1_207' title='bbox 852 3074 1012 3139; x_wconf 89' lang='lat' dir='ltr'>redituum</span> <span class='ocrx_word' id='word_1_208' title='bbox 1028 3072 1087 3138; x_wconf 86' lang='lat' dir='ltr'>crit</span> <span class='ocrx_word' id='word_1_209' title='bbox 1103 3088 1201 3151; x_wconf 88' lang='lat' dir='ltr'>penes</span> <span class='ocrx_word' id='word_1_210' title='bbox 1214 3070 1268 3135; x_wconf 87' lang='lat' dir='ltr'>de-</span> 
     </span>
     <span class='ocr_line' id='line_1_28' title="bbox 141 3169 1269 3253; baseline 0.006 -27"><span class='ocrx_word' id='word_1_211' title='bbox 141 3222 143 3226; x_wconf 87' lang='lat'>.</span> <span class='ocrx_word' id='word_1_212' title='bbox 185 3185 301 3234; x_wconf 90' lang='lat' dir='ltr'>canum</span> <span class='ocrx_word' id='word_1_213' title='bbox 324 3169 453 3249; x_wconf 85' lang='lat' dir='ltr'>capituli</span> <span class='ocrx_word' id='word_1_214' title='bbox 472 3187 530 3251; x_wconf 92' lang='lat' dir='ltr'>pro</span> <span class='ocrx_word' id='word_1_215' title='bbox 553 3178 698 3251; x_wconf 87' lang='lat' dir='ltr'>tempore</span> <span class='ocrx_word' id='word_1_216' title='bbox 720 3173 898 3248; x_wconf 85' lang='lat' dir='ltr'>existentis,</span> <span class='ocrx_word' id='word_1_217' title='bbox 915 3171 981 3253; x_wconf 88' lang='lat' dir='ltr'>qui,</span> <span class='ocrx_word' id='word_1_218' title='bbox 998 3179 1127 3250; x_wconf 89' lang='lat' dir='ltr'>accepta</span> <span class='ocrx_word' id='word_1_219' title='bbox 1143 3186 1160 3233; x_wconf 89' lang='lat' dir='ltr'>a</span> <span class='ocrx_word' id='word_1_220' title='bbox 1176 3184 1269 3248; x_wconf 90' lang='lat' dir='ltr'>prae-</span> 
     </span>
     <span class='ocr_line' id='line_1_29' title="bbox 186 3265 1271 3353; baseline -0.001 -22"><span class='ocrx_word' id='word_1_221' title='bbox 186 3267 255 3332; x_wconf 83' lang='lat' dir='ltr'>side</span> <span class='ocrx_word' id='word_1_222' title='bbox 276 3267 405 3349; x_wconf 84' lang='lat' dir='ltr'>collegii</span> <span class='ocrx_word' id='word_1_223' title='bbox 427 3269 592 3348; x_wconf 83' lang='lat' dir='ltr'>quitantia,</span> <span class='ocrx_word' id='word_1_224' title='bbox 610 3287 718 3334; x_wconf 89' lang='lat' dir='ltr'>curam</span> <span class='ocrx_word' id='word_1_225' title='bbox 741 3270 881 3353; x_wconf 90' lang='lat' dir='ltr'>habebit,</span> <span class='ocrx_word' id='word_1_226' title='bbox 906 3287 946 3335; x_wconf 90' lang='lat' dir='ltr'>ne</span> <span class='ocrx_word' id='word_1_227' title='bbox 967 3265 1271 3352; x_wconf 85' lang='lat' dir='ltr'>redituumsolutio</span> 
     </span>
     <span class='ocr_line' id='line_1_30' title="bbox 145 3363 1269 3460; baseline -0.002 -32"><span class='ocrx_word' id='word_1_228' title='bbox 145 3429 150 3442; x_wconf 81' lang='grc'><em>,</em></span> <span class='ocrx_word' id='word_1_229' title='bbox 187 3365 385 3447; x_wconf 81' lang='lat' dir='ltr'>negligatur;</span> <span class='ocrx_word' id='word_1_230' title='bbox 402 3375 563 3446; x_wconf 88' lang='lat' dir='ltr'>receptam</span> <span class='ocrx_word' id='word_1_231' title='bbox 574 3384 652 3433; x_wconf 87' lang='lat' dir='ltr'>vero</span> <span class='ocrx_word' id='word_1_232' title='bbox 668 3368 835 3448; x_wconf 85' lang='lat' dir='ltr'>pecuniam</span> <span class='ocrx_word' id='word_1_233' title='bbox 852 3369 955 3434; x_wconf 89' lang='lat' dir='ltr'>tradet</span> <span class='ocrx_word' id='word_1_234' title='bbox 969 3366 1170 3460; x_wconf 89' lang='lat' dir='ltr'>thesaurario</span> <span class='ocrx_word' id='word_1_235' title='bbox 1185 3363 1269 3446; x_wconf 91' lang='lat' dir='ltr'>capi·</span> 
     </span>
     <span class='ocr_line' id='line_1_31' title="bbox 187 3463 838 3554; baseline 0.002 -25"><span class='ocrx_word' id='word_1_236' title='bbox 187 3463 245 3529; x_wconf 84' lang='lat' dir='ltr'>iuli</span> <span class='ocrx_word' id='word_1_237' title='bbox 260 3463 357 3528; x_wconf 93' lang='lat' dir='ltr'>modo</span> <span class='ocrx_word' id='word_1_238' title='bbox 374 3465 575 3554; x_wconf 87' lang='lat' dir='ltr'>supradicto</span> <span class='ocrx_word' id='word_1_239' title='bbox 573 3465 838 3532; x_wconf 88' lang='lat' dir='ltr'>distribuendam</span> 
     </span>
     <span class='ocr_line' id='line_1_32' title="bbox 136 3556 1271 3664; baseline 0.003 -44"><span class='ocrx_word' id='word_1_240' title='bbox 136 3576 140 3590; x_wconf 69' lang='lat'><strong><em>¹</em></strong></span> <span class='ocrx_word' id='word_1_241' title='bbox 173 3614 176 3618; x_wconf 12' lang='grc' dir='ltr'><em>Α</em></span> <span class='ocrx_word' id='word_1_242' title='bbox 230 3562 366 3654; x_wconf 83' lang='lat' dir='ltr'>»Porro</span> <span class='ocrx_word' id='word_1_243' title='bbox 390 3562 450 3628; x_wconf 91' lang='lat' dir='ltr'>hac</span> <span class='ocrx_word' id='word_1_244' title='bbox 475 3579 544 3632; x_wconf 87' lang='lat' dir='ltr'>mea</span> <span class='ocrx_word' id='word_1_245' title='bbox 565 3557 661 3654; x_wconf 79' lang='lat' dir='ltr'>tonui</span> <span class='ocrx_word' id='word_1_246' title='bbox 684 3557 868 3654; x_wconf 89' lang='lat' dir='ltr'>donatione,</span> <span class='ocrx_word' id='word_1_247' title='bbox 897 3570 989 3664; x_wconf 83' lang='lat' dir='ltr'>quae</span> <span class='ocrx_word' id='word_1_248' title='bbox 986 3556 1138 3630; x_wconf 79' lang='lat' dir='ltr'>affectus</span> <span class='ocrx_word' id='word_1_249' title='bbox 1163 3559 1271 3642; x_wconf 86' lang='lat' dir='ltr'>potius</span> 
     </span>
     <span class='ocr_line' id='line_1_33' title="bbox 188 3645 1271 3744; baseline -0.002 -20"><span class='ocrx_word' id='word_1_250' title='bbox 188 3649 291 3740; x_wconf 83' lang='lat' dir='ltr'>quam</span> <span class='ocrx_word' id='word_1_251' title='bbox 307 3645 480 3741; x_wconf 86' lang='lat' dir='ltr'>potestatis</span> <span class='ocrx_word' id='word_1_252' title='bbox 509 3669 558 3726; x_wconf 87' lang='lat' dir='ltr'>est</span> <span class='ocrx_word' id='word_1_253' title='bbox 588 3661 692 3739; x_wconf 87' lang='lat' dir='ltr'>testis,</span> <span class='ocrx_word' id='word_1_254' title='bbox 719 3660 797 3727; x_wconf 94' lang='lat' dir='ltr'>illud</span> <span class='ocrx_word' id='word_1_255' title='bbox 828 3661 925 3728; x_wconf 88' lang='lat' dir='ltr'>unum</span> <span class='ocrx_word' id='word_1_256' title='bbox 955 3663 1094 3744; x_wconf 89' lang='lat' dir='ltr'>postulo,</span> <span class='ocrx_word' id='word_1_257' title='bbox 1122 3668 1167 3736; x_wconf 94' lang='lat' dir='ltr'>ut,</span> <span class='ocrx_word' id='word_1_258' title='bbox 1196 3659 1271 3724; x_wconf 91' lang='lat' dir='ltr'>dum</span> 
     </span>
     <span class='ocr_line' id='line_1_34' title="bbox 127 3757 1272 3850; baseline -0.001 -29"><span class='ocrx_word' id='word_1_259' title='bbox 127 3773 336 3850; x_wconf 52' lang='lat' dir='ltr'>,3,3,nrxero</span> <span class='ocrx_word' id='word_1_260' title='bbox 309 3757 516 3831; x_wconf 80' lang='lat' dir='ltr'>celebrans</span> <span class='ocrx_word' id='word_1_261' title='bbox 507 3776 540 3822; x_wconf 92' lang='lat' dir='ltr'>rn</span> <span class='ocrx_word' id='word_1_262' title='bbox 553 3758 643 3824; x_wconf 91' lang='lat' dir='ltr'>bisce</span> <span class='ocrx_word' id='word_1_263' title='bbox 658 3760 882 3826; x_wconf 86' lang='lat' dir='ltr'>festivitatibus</span> <span class='ocrx_word' id='word_1_264' title='bbox 899 3761 961 3826; x_wconf 90' lang='lat' dir='ltr'>mei</span> <span class='ocrx_word' id='word_1_265' title='bbox 977 3760 1162 3847; x_wconf 87' lang='lat' dir='ltr'>memoriam</span> <span class='ocrx_word' id='word_1_266' title='bbox 1178 3757 1272 3822; x_wconf 88' lang='lat' dir='ltr'>iaciat</span> 
     </span>
    </p>
   </div>
   <div class='ocr_carea' id='block_1_9' title="bbox 15 3842 1273 3956">
    <p class='ocr_par' dir='ltr' id='par_1_14' title="bbox 15 3842 1273 3956">
     <span class='ocr_line' id='line_1_35' title="bbox 15 3842 1273 3956; baseline -0.003 -33"><span class='ocrx_word' id='word_1_267' title='bbox 15 3861 45 3956; x_wconf 60' lang='lat' dir='ltr'>J·</span> <span class='ocrx_word' id='word_1_268' title='bbox 63 3870 225 3936; x_wconf 79' lang='lat' dir='ltr'>tn</span> <span class='ocrx_word' id='word_1_269' title='bbox 230 3857 370 3928; x_wconf 64' lang='grc' dir='ltr'>Μνττιεττ</span> <span class='ocrx_word' id='word_1_270' title='bbox 356 3864 398 3941; x_wconf 80' lang='lat' dir='ltr'>to</span> <span class='ocrx_word' id='word_1_271' title='bbox 390 3873 477 3946; x_wconf 75' lang='grc' dir='ltr'>φρτρ</span> <span class='ocrx_word' id='word_1_272' title='bbox 475 3875 579 3940; x_wconf 79' lang='lat' dir='ltr'>vtvls</span> <span class='ocrx_word' id='word_1_273' title='bbox 583 3865 626 3943; x_wconf 77' lang='lat' dir='ltr'>pt</span> <span class='ocrx_word' id='word_1_274' title='bbox 635 3847 711 3942; x_wconf 87' lang='lat' dir='ltr'>post</span> <span class='ocrx_word' id='word_1_275' title='bbox 725 3867 860 3927; x_wconf 89' lang='lat' dir='ltr'>mortem</span> <span class='ocrx_word' id='word_1_276' title='bbox 882 3877 985 3924; x_wconf 84' lang='lat' dir='ltr'>meam</span> <span class='ocrx_word' id='word_1_277' title='bbox 1000 3860 1032 3923; x_wconf 94' lang='lat' dir='ltr'>in</span> <span class='ocrx_word' id='word_1_278' title='bbox 1048 3842 1198 3928; x_wconf 75' lang='lat' dir='ltr'>Memento</span> <span class='ocrx_word' id='word_1_279' title='bbox 1215 3872 1273 3938; x_wconf 90' lang='lat' dir='ltr'>pro</span> 
     </span>
    </p>
   </div>
   <div class='ocr_carea' id='block_1_10' title="bbox 123 3947 1274 4240">
    <p class='ocr_par' dir='ltr' id='par_1_15' title="bbox 183 3947 1274 4240">
     <span class='ocr_line' id='line_1_36' title="bbox 183 3947 1274 4044; baseline 0.006 -24.355"><span class='ocrx_word' id='word_1_280' title='bbox 183 3954 362 4043; x_wconf 48' lang='lat' dir='ltr'>&amp;pactis</span> <span class='ocrx_word' id='word_1_281' title='bbox 370 3954 485 4040; x_wconf 77' lang='lat' dir='ltr'>Quod</span> <span class='ocrx_word' id='word_1_282' title='bbox 480 3947 580 4040; x_wconf 66' lang='lat' dir='ltr'>saco</span> <span class='ocrx_word' id='word_1_283' title='bbox 578 3957 850 4037; x_wconf 71' lang='lat' dir='ltr'>desudabimus</span> <span class='ocrx_word' id='word_1_284' title='bbox 849 3959 943 4034; x_wconf 89' lang='lat' dir='ltr'>uerit,</span> <span class='ocrx_word' id='word_1_285' title='bbox 956 3969 991 4024; x_wconf 88' lang='lat' dir='ltr'>ut</span> <span class='ocrx_word' id='word_1_286' title='bbox 1005 3959 1159 4044; x_wconf 78' lang='lat' dir='ltr'>contingit</span> <span class='ocrx_word' id='word_1_287' title='bbox 1175 3960 1274 4028; x_wconf 90' lang='lat' dir='ltr'>inter-</span> 
     </span>
     <span class='ocr_line' id='line_1_37' title="bbox 123 4045 1158 4140; baseline 0.002 -18.146"><span class='ocrx_word' id='word_1_288' title='bbox 123 4047 280 4128; x_wconf 88' lang='lat' dir='ltr'>dum</span> <span class='ocrx_word' id='word_1_289' title='bbox 283 4045 457 4136; x_wconf 73' lang='lat' dir='ltr'>suppiam</span> <span class='ocrx_word' id='word_1_290' title='bbox 451 4055 603 4140; x_wconf 75' lang='lat' dir='ltr'>pronon</span> <span class='ocrx_word' id='word_1_291' title='bbox 618 4056 791 4134; x_wconf 72' lang='lat' dir='ltr'>samniam</span> <span class='ocrx_word' id='word_1_292' title='bbox 793 4058 845 4133; x_wconf 82' lang='lat' dir='ltr'>ab</span> <span class='ocrx_word' id='word_1_293' title='bbox 843 4073 897 4134; x_wconf 84' lang='lat' dir='ltr'>eo</span> <span class='ocrx_word' id='word_1_294' title='bbox 893 4057 1158 4134; x_wconf 82' lang='lat' dir='ltr'>celebrando</span> 
     </span>
     <span class='ocr_line' id='line_1_38' title="bbox 232 4143 1270 4240; baseline 0.014 -30"><span class='ocrx_word' id='word_1_295' title='bbox 232 4169 265 4210; x_wconf 76' lang='lat' dir='ltr'>s</span> <span class='ocrx_word' id='word_1_296' title='bbox 249 4143 365 4217; x_wconf 74' lang='lat' dir='ltr'>tiano</span> <span class='ocrx_word' id='word_1_297' title='bbox 369 4167 458 4220; x_wconf 83' lang='lat' dir='ltr'>csse</span> <span class='ocrx_word' id='word_1_298' title='bbox 474 4161 605 4220; x_wconf 71' lang='lat' dir='ltr'>meabat.</span> <span class='ocrx_word' id='word_1_299' title='bbox 679 4189 693 4201; x_wconf 67' lang='lat'><em>„</em></span> <span class='ocrx_word' id='word_1_300' title='bbox 714 4187 716 4190; x_wconf 94' lang='lat'>·</span> <span class='ocrx_word' id='word_1_301' title='bbox 749 4199 753 4223; x_wconf 18' lang='grc' dir='ltr'>κ,</span> <span class='ocrx_word' id='word_1_302' title='bbox 804 4148 1093 4228; x_wconf 62' lang='lat' dir='ltr'>incomptam</span> <span class='ocrx_word' id='word_1_303' title='bbox 1096 4164 1154 4224; x_wconf 87' lang='lat' dir='ltr'>ut</span> <span class='ocrx_word' id='word_1_304' title='bbox 1152 4175 1270 4240; x_wconf 88' lang='lat' dir='ltr'>supra,</span> 
     </span>
    </p>
   </div>
   <div class='ocr_carea' id='block_1_11' title="bbox 0 0 1582 4942">
    <p class='ocr_par' dir='ltr' id='par_1_16' title="bbox 0 0 1582 4942">
     <span class='ocr_line' id='line_1_39' title="bbox 0 0 1582 4942; baseline 0 0"><span class='ocrx_word' id='word_1_305' title='bbox 0 0 1582 4942; x_wconf 95' lang='lat' dir='ltr'> </span> 
     </span>
    </p>
   </div>
  </div>
 </body>
</html>
