3014 4946
581 451 766 515 —3tt-

135 610 217 675 33133
232 611 330 677 133133
345 613 496 694 majores,
514 631 594 696 quas
615 624 722 682 tamen
744 617 828 684 ultra
852 636 907 685 sex
924 619 1119 701 septimanus
1136 639 1209 702 pro·

133 710 254 775 trahere
270 727 335 776 non
350 719 512 792 poterunt,
529 713 740 781 deducentur.

170 846 290 909 Decimo
318 848 446 928 septimo
475 864 486 910 :
514 848 658 912 Bursarii
687 866 783 930 supra
809 850 924 916 bursas
951 853 1145 933 supplebunt
1170 854 1209 918 ad

131 949 227 1006 ratam
257 944 468 1009 ducentorum
506 945 702 1011 florenorum
739 956 886 1014 monetae
916 952 1086 1016 currentis
1119 953 1210 1028 Quod

132 1049 231 1106 tamen
255 1045 514 1125 supplementum
538 1045 662 1126 integre
685 1047 822 1123 solvent,
846 1049 906 1113 etsi
929 1067 987 1129 per
1008 1067 1151 1116 mensem
1177 1051 1209 1114 in

131 1140 301 1222 majoribus
323 1141 479 1206 vacantiis
501 1141 617 1206 absint.
634 1143 791 1209 Nolumus
812 1153 918 1212 autem
940 1148 1107 1214 bursarics
1128 1149 1211 1214 ultra

129 1245 250 1318 tempus
263 1239 302 1304 ab
315 1239 528 1304 Universitate
541 1240 630 1306 feriis
643 1242 839 1323 assignatum
852 1245 978 1311 abesse.
993 1248 1113 1312 Bursae
1125 1247 1210 1312 enim

129 1354 188 1401 non
204 1338 394 1403 feriantibus
410 1346 441 1403 31
456 1339 582 1414 oticsis,
608 1343 665 1403 sed
689 1340 860 1422 diligenter
875 1345 1078 1410 studentibus
1094 1353 1127 1410 31
1144 1346 1210 1411 133-

128 1435 228 1501 tiones
241 1436 518 1517 frequentantibus
534 1437 697 1502 institutae
711 1446 797 1503 sunt.

164 1587 287 1650 11331133
303 1593 407 1650 331333
423 1609 431 1646 .·
450 1586 600 1662 Quilibet,
617 1586 685 1652 sive
700 1587 870 1654 bursarius
884 1590 955 1655 sive
970 1591 1209 1667 commensalis,

96 1755 98 1760 ,
126 1701 251 1766 semper
284 1684 448 1750 trimestre
476 1685 692 1766 supplementi
727 1686 795 1753 sive
830 1688 998 1768 pensionis
1037 1690 1237 1771 anticipare·

127 1791 260 1849 tenetur.

163 1919 285 1982 flemme
300 1935 379 1980 nonu
402 1935 412 1980 :
435 1916 511 1980 Post
534 1915 703 1994 prandium
727 1923 759 1981 et
781 1934 913 1982 coenam
931 1935 947 1982 a
964 1919 1045 1984 festo
1067 1918 1211 1984 omnium

125 2025 307 2083 sanctorum
335 2032 438 2097 usque
467 2015 506 2078 ad
536 2015 653 2080 festum
684 2016 847 2097 paschatis
873 2017 1044 2082 habebitur
1067 2017 1152 2099 ignis
1177 2019 1210 2081 in

123 2115 311 2193 refectorio;
329 2132 388 2196 pro
410 2131 474 2196 quo
498 2113 634 2194 quisque
661 2114 700 2177 ab
723 2115 815 2180 initio
839 2114 956 2180 lriernis
980 2132 1085 2181 annue
1108 2117 1212 2181 solvet

122 2225 242 2297 septem
261 2215 414 2280 11333333.

165 2348 317 2430 Vipest'mo
329 2371 338 2408 :
351 2346 410 2422 Qui
427 2345 564 2426 collegio
578 2345 728 2409 damnum
742 2345 898 2424 intulerit,
913 2346 981 2412 sive
992 2346 1085 2422 vitra,
1100 2347 1207 2423 sedes,

122 2463 263 2524 mensas,
281 2453 355 2521 etc,
374 2444 561 2526 frangendo,
580 2444 648 2509 sive
664 2443 703 2509 iis
725 2445 952 2525 insculpendo,
970 2446 1039 2511 sive
1055 2446 1117 2511 3113
1130 2465 1210 2528 quo-

121 2563 258 2628 cumque
283 2544 391 2620 modu,
418 2543 498 2607 illud
515 2542 622 2607 statim
645 2543 684 2606 ad
713 2543 880 2607 arbitrium
903 2544 1025 2610 domini
1050 2545 1209 2625 praesidis

119 2646 286 2710 resarciat.
303 2645 341 2707 Et
363 2643 390 2707 si
414 2649 578 2707 auctorem
603 2641 753 2723 detegere
770 2641 945 2718 noluerint,
963 2659 1076 2708 omnes
1098 2644 1210 2725 aequis

121 2745 265 2824 partibus
281 2741 418 2824 collegio
434 2741 644 2806 satisfaciant.

163 2891 314 2972 Vipest'mo
325 2891 427 2971 primo
451 2908 461 2954 .·
484 2888 623 2964 Quilibet
644 2889 682 2952 ad
699 2889 869 2970 collegium
887 2888 1044 2954 accedens
1060 2889 1209 2954 omnibus

122 2989 310 3055 domesticis
337 2987 432 3053 simul
460 2987 493 3050 in
521 2987 651 3051 introitu
678 2987 765 3052 dabit
790 2989 873 3054 duos
899 2988 1040 3054 florenos
1067 2987 1209 3052 sedecim

119 3105 222 3162 asses,
237 3096 270 3152 31
284 3087 418 3152 totidem
431 3085 567 3168 singulis
580 3086 685 3162 annis,
699 3087 784 3151 inter
795 3087 927 3151 eosdem
943 3086 1034 3151 initio
1047 3085 1121 3152 novi
1132 3087 1207 3151 anni

119 3186 374 3253 distribuendos.

163 3339 316 3418 Vipesfmo
338 3336 471 3399 33331133
500 3354 510 3399 .·
537 3334 679 3400 Ulterius
705 3334 824 3418 singuli
850 3335 970 3400 famulo
996 3334 1124 3416 collegii
1149 3351 1208 3415 pro

119 3436 215 3500 sclito
243 3443 274 3500 et
299 3434 485 3514 necessario
500 3433 658 3515 obsequio
685 3452 790 3500 annue
816 3435 942 3500 solvent
963 3434 1003 3498 ad
1029 3439 1129 3498 ratam
1152 3450 1209 3498 sex

119 3533 318 3600 florenorum
334 3541 481 3597 monetae
496 3533 668 3597 currentis.
682 3533 797 3596 Nullus
810 3550 868 3614 pro
880 3535 943 3598 boc
958 3531 1124 3612 obsequio,
1140 3530 1209 3596 sive

120 3634 180 3698 sub
197 3649 400 3714 quocumque
423 3632 485 3696 alic
508 3641 686 3712 praetextu,
704 3641 889 3697 extraneum
914 3647 1090 3706 assumere,
1107 3629 1208 3695 multo

119 3732 226 3796 minus
249 3731 283 3794 in
306 3730 476 3812 collegium
499 3730 706 3796 introducere
729 3731 858 3811 poterit.
876 3730 932 3795 Cui
955 3729 1069 3794 abusui
1094 3735 1128 3793 ut
1149 3730 1208 3793 ob-

116 3830 234 3900 vietur,
252 3829 420 3892 maximam
444 3829 608 3894 adomino
625 3829 773 3912 praeside
787 3829 982 3910 vigilantiam
998 3827 1205 3909 requirimus,

116 3928 161 3993 uti
178 3937 211 3993 et
226 3944 285 4007 pro
301 3926 526 3992 observatione
540 3928 682 3993 omnium
695 3945 792 4008 supra
809 3927 989 4008 positorum
1002 3933 1205 3991 statutorum.

157 4059 332 4124 Finultter:
347 4059 501 4124 Noverint
511 4077 624 4126 omnes
637 4067 667 4124 et
680 4059 810 4141 singuli,
821 4076 858 4125 ao
869 4059 1043 4141 praecipue
1054 4057 1205 4132 bursarii,

118 4157 322 4224 clarissimos
344 4157 493 4224 dominos
512 4159 672 4224 facultatis
692 4159 835 4226 medicae
858 4159 1008 4225 doctores
1030 4165 1062 4224 et
1083 4157 1207 4239 proles·
