3100 4938
653 519 693 528 -
716 483 773 544 lli
797 517 837 528 -

192 648 290 714 certis
306 645 402 713 terris
415 647 597 730 jacentibus
612 646 643 710 in
662 646 821 718 Leeldale‚
839 655 869 710 et
897 644 1098 726 quossolvit
1119 644 1281 708 lohannes

194 745 292 826 Pols;
1048 738 1051 742 ’
1271 760 1273 764 ·

233 847 348 912 »Item
378 857 409 913 et
438 863 536 911 uuum
568 847 708 910 modium
740 844 877 926 siliginis
907 841 1092 908 hereditarii
1123 841 1280 917 redditus,

192 946 469 1029 quemacquisivit
482 963 556 1026 erga
571 944 757 1010 llicbadlem
773 945 839 1007 Van
854 943 974 1023 Onbern
986 943 1018 1005 in
1032 941 1179 1026 Leeldale
1196 931 1288 1004 anno
1364 973 1368 980 ·

192 1044 451 1126 quingentesimo
468 1043 616 1124 sentino,
634 1043 788 1108 vicesima
804 1041 890 1104 maii.

233 1143 390 1208 »Deinde
419 1144 460 1207 de
488 1142 582 1206 bonis
612 1143 680 1206 suls
711 1140 884 1206 mobilibus
911 1147 942 1204 et
969 1139 1063 1203 etiam
1090 1138 1167 1212 illis,
1197 1153 1281 1218 quae

189 1242 323 1308 lovanii
348 1242 502 1323 alienando
525 1259 593 1305 erue
615 1241 828 1322 appellantur,
847 1239 949 1304 dictus
973 1238 1123 1302 dominus
1146 1245 1286 1302 testator

190 1341 278 1406 dicto
295 1359 354 1407 suo
371 1341 508 1421 collegio
525 1340 640 1420 legavit
656 1350 687 1404 et
704 1338 833 1420 reliquit
850 1356 857 1400 :
930 1370 932 1374 ι

233 1464 250 1500 »
267 1441 374 1504 Primo
389 1440 500 1504 decern
517 1439 618 1504 lectos
635 1439 797 1512 meliores,
816 1439 855 1502 de
873 1437 989 1518 quibus
1007 1437 1149 1501 nundum
1168 1435 1280 1515 dispo·

190 1539 347 1613 sultuna
370 1555 443 1602 curu
466 1537 590 1601 lecticis
606 1537 805 1612 eorumdem,
824 1547 854 1600 et
878 1552 936 1616 pro
960 1536 1103 1616 quolibet
1118 1535 1201 1599 lectu
1219 1533 1285 1598 duo
1347 1524 1354 1546 ⁸

190 1638 279 1718 paria
301 1623 646 1710 lintheaminum‚·duo
671 1635 847 1716 pulvinaria
871 1642 903 1699 et
927 1651 1022 1698 unam
1050 1633 1187 1714 sargiam
1212 1631 1283 1696 sive

192 1753 289 1802 unum
313 1735 519 1815 superlectile
539 1735 580 1800 de
603 1735 791 1800 melioribus
814 1733 991 1799 secundum
1015 1733 1190 1796 bonitatem
1215 1731 1282 1795 lec·
1325 1762 1331 1772 ·

191 1845 299 1901 torum
315 1834 518 1916 hujusmodi;
980 1853 984 1861 ·
1232 1829 1234 1832 ’

233 1958 250 1993 »
266 1935 399 1999 Necnon
421 1933 529 1997 omnia
552 1941 698 2009 stannea,
726 1949 847 2013 cuprea
871 1941 902 1996 et
927 1933 1029 1997 ierrea
1052 1930 1167 1994 dumus
1186 1935 1282 1994 'uten-

191 2032 263 2096 silia
279 2049 350 2110 sua,
368 2031 508 2112 quinque
524 2049 652 2097 mensas
670 2032 830 2106 meliores
850 2048 906 2095 sex
922 2030 1064 2095 tritsoria
1079 2030 1116 2107 (l)
1135 2027 1280 2100 meliora,

191 2131 296 2196 omnia
320 2131 444 2205 sedilia,
473 2132 571 2194 cistas
598 2131 665 2194 sive
692 2129 922 2211 promptuaria,
951 2146 1064 2194 omues
1093 2144 1223 2208 mappas
1251 2136 1282 2190 et

193 2229 393 2310 manutergia
407 2229 491 2293 linea
508 2245 564 2292 sua
582 2229 700 2292 omnia.

234 2352 251 2388 ›>
265 2329 343 2393 Item
361 2345 474 2393 omnes
490 2328 647 2410 imagines
663 2329 695 2390 in
712 2328 808 2393 domo
829 2331 1004 2392 existentes
1020 2326 1136 2390 ibidem
1153 2341 1284 2388 manere

194 2428 292 2492 uoluit
307 2437 339 2493 el
355 2427 525 2492 ordinavit.
1136 2427 1153 2460 ·’

233 2550 250 2586 »
266 2527 345 2592 Item
362 2526 466 2590 adhuc
481 2527 566 2590 dicto
582 2543 643 2590 suo
659 2527 795 2608 collegio
811 2514 927 2608 legarit
940 2521 1110 2591 duodecim
1126 2523 1281 2589 cussinos

192 2627 309 2692 sediles
325 2627 365 2690 de
380 2625 449 2690 suis
466 2626 665 2691 melioribus.

205 2763 209 2773 ·
232 2749 249 2784 »
263 2726 341 2790 item
358 2741 472 2789 omues
487 2725 588 2788 libros
601 2741 680 2789 suos
692 2725 795 2788 eidem
812 2723 948 2806 collegio
962 2723 1078 2804 legavit
1092 2732 1123 2787 el
1138 2721 1278 2802 reliquit,
1294 2772 1296 2775 .
1381 2748 1383 2751 ·

192 2841 316 2890 necnon
339 2824 372 2888 in
396 2840 457 2887 uua
479 2839 606 2888 camera
628 2832 701 2904 apta
724 2823 817 2887 simul
841 2823 941 2887 locari
964 2831 995 2887 et
1021 2822 1095 2906 poni
1118 2821 1217 2886 voluit
1248 2829 1280 2884 et

192 2923 366 2998 ordinavit;
391 2923 428 2986 ad
453 2938 547 3003 quarn
570 2921 698 3003 quidem
721 2922 820 2988 voluit
842 2923 936 2987 dictis
959 2922 1028 2986 suis
1044 2919 1222 3000 collegistis
1248 2927 1281 2982 et

192 3021 349 3086 busseniis
365 3020 500 3084 liborum
517 3019 636 3084 aditum
654 3036 738 3084 esse.

234 3144 250 3178 n
268 3119 390 3184 lleinde
406 3119 490 3182 idem
506 3117 657 3182 dominus
680 3126 815 3182 testator
841 3135 899 3198 pro
917 3116 1112 3181 habitatione
1136 3123 1167 3180 et
1190 3131 1280 3179 corn-

195 3219 280 3284 muni
299 3235 358 3283 usu
376 3227 498 3297 septem
519 3229 692 3298 puerorum
710 3217 812 3280 sancti
835 3217 920 3282 Petri
944 3235 1000 3298 per
1016 3233 1088 3280 euru
1105 3216 1165 3280 sub
1181 3214 1280 3280 certis

138 3358 143 3370 -
192 3318 286 3402 ctiam
313 3311 434 3398 regulis
457 3325 488 3381 et
511 3315 767 3379 ordinationibus
793 3325 823 3380 et
840 3315 1064 3380 dolationibus
1092 3313 1214 3394 pridem
1238 3313 1278 3376 ad

192 3417 348 3482 bonorem
375 3415 478 3479 sancti
505 3413 590 3479 Petri
618 3413 775 3479 institutis
801 3416 917 3497 legauit
943 3425 974 3480 et
1004 3413 1131 3495 reliquit
1157 3411 1277 3477 eisdem

191 3515 321 3580 domurn
338 3530 429 3578 suurn
446 3513 603 3578 minorem
620 3513 713 3577 sitam
728 3531 845 3579 versus
862 3522 984 3595 partem
1001 3513 1189 3579 orientalem
1206 3527 1280 3576 curn

191 3615 259 3678 suis
286 3607 488 3693 pertinentiis
512 3611 691 3682 universis:
716 3613 891 3692 voluitque,
916 3612 1000 3694 quod
1024 3613 1134 3677 eadem
1163 3611 1279 3675 domus

190 3713 310 3776 aditum
327 3713 440 3775 babeat
456 3712 494 3774 ad
511 3721 653 3790 puteum,
667 3711 709 3774 ita
727 3714 812 3792 quod
831 3713 943 3776 hortus
959 3711 1085 3792 collegii
1102 3709 1277 3774 bursalium

191 3821 359 3892 separetur
389 3827 405 3872 a
435 3810 520 3873 dicta
555 3810 651 3872 dornn
682 3827 853 3890 puerorum
885 3803 942 3891 per
973 3809 1179 3874 interstitium
1210 3807 1279 3894 siue

192 3926 318 3974 murum
343 3909 521 3974 secundum
544 3909 743 3974 latitudinem
760 3911 862 3990 putei;
885 3912 917 3973 in
941 3928 1004 3991 quo
1027 3911 1156 3990 quidem
1178 3909 1277 3972 inter-

192 4008 279 4072 stitio
296 4007 341 4069 illi
359 4007 398 4071 de
414 4007 551 4086 collegio
569 4007 673 4071 lacere
690 4018 838 4087 poterunt
857 4027 982 4090 parvam
996 4009 1125 4088 ianuam
1142 4008 1180 4070 ad
1198 4008 1276 4070 bau·

192 4106 336 4170 ciendam
353 4105 501 4170 etiamen
520 4115 614 4184 puteo
635 4122 748 4184 aquarn
771 4125 810 4171 ex
833 4107 926 4170 berto
952 4123 1065 4186 magno
1088 4104 1288 4187 gradiendo.¹

227 4303 266 4375 (l)
289 4305 455 4368 d'rilsort'um,
472 4304 601 4355 trt'nuriunt
617 4319 648 4354 ou
665 4303 809 4364 durannum,
825 4301 950 4357 dreasoir'.
