3100 4938
512 482 515 490 .
629 425 815 492 -lab-

218 590 287 656 llcc
308 601 415 656 tamen
437 597 535 672 agunt
561 590 638 655 dicti
660 591 857 672 provisores,
885 599 919 658 ut
942 591 1060 674 aliquis
1076 593 1265 674 praesidens

175 687 399 762 constituatur,
417 687 565 770 pactione
585 688 783 770 interposita,
802 697 835 754 ut
858 705 916 770 spe
938 690 1127 757 retinendae
1142 693 1264 772 praesi-

123 773 131 792 '
177 785 304 853 dentiae
319 788 389 852 sola
405 786 601 852 habitatione
624 795 655 852 et
675 788 770 852 borlo
793 787 832 869 ad
856 796 979 854 certum
1001 797 1138 883 tempus,
1157 807 1197 858 ex
1212 807 1265 858 ar·

178 884 274 950 bitrio
289 885 494 952 dominorum
511 877 727 970 provisorum,
744 890 917 953 contentus
938 887 988 962 sit,
1007 888 1102 968 paulo
1124 889 1265 969 plus-re-

179 989 344 1064 cepturus,
362 1000 461 1065 quum
481 983 513 1048 id
535 983 655 1048 domiin
679 984 864 1064 provisores
885 987 1054 1065 commode
1077 986 1145 1052 fieri
1168 995 1281 1070 posse·

176 1081 375 1162 judicabunt,
393 1082 498 1147 donec
513 1082 608 1163 plene
623 1082 805 1148 restitutum
821 1083 882 1150 erit
896 1083 1018 1150 dicturo
1033 1084 1216 1167 collegium.
1236 1134 1239 1142 .
1315 1092 1321 1114 ”

219 1179 458 1260 Patronihujus
474 1179 602 1261 collegii
624 1197 682 1271 seu
705 1190 965 1262 praesentatores
988 1183 1155 1276 suntduo,
1173 1183 1266 1252 vide-

177 1277 252 1343 lieet
272 1277 424 1343 dominu's
447 1276 619 1360 episcopus
642 1279 819 1360 brugensis
842 1296 900 1361 pro
922 1280 1039 1363 aliqua,
1058 1290 1090 1346 et
1112 1281 1264 1349 dominus

178 1376 364 1458 temporalis
380 1375 528 1442 deSolre
543 1393 602 1458 pro
618 1377 847 1460 reliquaparte
861 1379 968 1462 quoad
983 1379 1172 1455 collationes
1187 1381 1264 1446 bur·
1315 1402 1320 1413 ·

131 1487 136 1496 ·
179 1490 300 1540 sarum.
858 1515 866 1532 -

221 1573 409 1637 provisores
422 1571 518 1652 huius
533 1571 660 1653 collegii
676 1580 752 1638 sunt
773 1587 831 1654 pro
847 1581 991 1656 ternpore
1005 1575 1179 1656 primarius
1195 1594 1267 1660 pro·

178 1669 353 1736 sessoria
364 1669 438 1750 jure
460 1669 628 1744 canonico,
654 1669 807 1747 decanus,
831 1680 981 1752 receptor
1003 1681 1034 1738 et
1055 1683 1196 1756 quatuor·
1218 1695 1266 1744 re·

140 1799 146 1808 ³
180 1767 293 1852 gentes
310 1767 581 1849 paedagogioruro
596 1767 757 1833 facultatis
772 1769 901 1838 artium.
1022 1831 1028 1844 ,

221 1868 382 1948 Receptor
396 1866 524 1948 collegii
546 1866 655 1932 nullus
670 1883 744 1932 csse
767 1869 851 1933 solet
873 1869 1024 1974 praeter
1016 1855 1127 1950 ipsum
1143 1874 1267 1954 praesi-

179 1967 321 2039 dentem,
338 1965 393 2046 qui
409 1965 470 2030 sub
486 1971 671 2046 supratacto
690 1965 761 2046 ejus
784 1941 959 2046 stipendio
968 1967 1040 2044 hoc
1052 1985 1135 2034 onus
1157 1971 1267 2038 subire

181 2064 287 2130 debet

220 2160 374 2228 Aedilicia
389 2160 486 2242 buius
501 2161 628 2242 collegii
645 2177 684 2227 ex
700 2164 939 2244 perseverantia
954 2105 1031 2230 dicti
1050 2108 1268 2246 praesidentis
1306 2151 1311 2158 ’

182 2263 214 2326 in
226 2262 311 2332 bona
323 2261 505 2342 integritate
516 2269 705 2326 conservata
717 2270 793 2326 sunt
805 2261 839 2325 in
850 2279 976 2328 summo
988 2264 1107 2346 alioqui
1123 2265 1268 2346 periculo

182 2361 290 2426 totalis
306 2358 525 2424 demolitionis
540 2359 729 2440 praesertim
745 2377 784 2424 ex
798 2361 861 2425 situ
878 2359 976 2426 illins.

221 2457 323 2538 liujus
337 2456 465 2538 collegii
481 2457 621 2522 totaliter
636 2458 824 2523 restituendi
848 2458 941 2560 unica
963 2468 1013 2524 est
1036 2461 1085 2525 via
1109 2478 1164 2542 per
1179 2463 1269 2531 solu-

168 2549 300 2622 'tionem
315 2562 465 2636 supratae
467 2561 572 2620 torum
588 2554 783 2636 reliquorum
798 2572 856 2621 seu
872 2547 1151 2640 ar'viragioruur.

222 2654 366 2737 (Eotrutt
380 2654 421 2716 du
437 2660 564 2735 rapport
578 2671 632 2716 aur
647 2653 735 2718 t’tdot
743 2655 794 2718 dea
809 2656 935 2737 collbpea
957 2657 1011 2720 tle'
1017 2635 1211 2764 l'llrtt'oerst'td
1234 2661 1271 2724 de

183 2754 326 2818 Lovoot'a
342 2771 381 2817 ec
396 2751 499 2830 44489).

221 2949 383 3016 Antonius
404 2907 566 3023 Hannon,
583 2948 804 3034 Atrebatensis
822 2949 995 3026 dioecesis,
1014 2952 1166 3034 magister
1178 2953 1271 3018 Pari-

182 3049 303 3114 siensis
327 3055 358 3112 et
374 3047 576 3113 decretorum
593 3047 718 3123 doctor,
736 3048 885 3114 dominus
901 3049 942 3114 de
957 3048 1176 3126 Stoenvoirde,
1194 3068 1270 3132 prc-

182 3147 365 3214 tonotarius
387 3146 599 3227 apostolicus.
613 3147 655 3211 ab
678 3162 763 3212 anno
787 3147 866 3212 4446
890 3147 1100 3212 adsecutum
1123 3149 1272 3216 Donatia-

183 3237 259 3313 num
289 3245 405 3326 brugis
433 3245 620 3321 canonicus,
648 3243 763 3310 Carolo
789 3245 921 3321 Audaci,
949 3245 1023 3312 duci
1056 3247 1268 3330 burgundiae,
1379 3309 1383 3332 ,

183 3345 278 3426 ouius
302 3342 378 3407 olirn
402 3343 605 3424 paedogogos
631 3342 746 3419 inerat,
763 3358 801 3408 ac
815 3343 1058 3409 blaxirnilianol
1079 3346 1268 3420 aconsiliis

182 3440 387 3522 praepositus
402 3440 612 3506 ecclesiarum
627 3446 758 3506 sanctae
772 3440 990 3507 waldetrudis
1008 3443 1170 3509 Montibus
1186 3439 1272 3523 llan-
1378 3461 1380 3464 ·

125 3529 139 3538 ’
173 3541 302 3607 'neniae
322 3547 353 3604 et
374 3539 477 3604 sancti
501 3539 735 3604 bartholomaei
759 3537 946 3616 Betbo'niae,
975 3549 1042 3606 turn
1066 3551 1099 3608 et
1124 3543 1162 3608 ab
1188 3561 1272 3610 anno

70 3663 74 3673 ·
183 3639 265 3703 4464
277 3637 328 3704 via
344 3636 588 3718 permutationis
603 3653 676 3701 curn
689 3635 837 3702 Gisberto
850 3639 1048 3724 Brederodio
1064 3656 1123 3720 pro
1139 3657 1275 3724 praepo-
1324 3647 1330 3656 '

184 3739 286 3804 situra
301 3735 439 3816 Traiecti
460 3735 500 3799 ad
522 3734 645 3800 llcsam
668 3735 700 3798 in
723 3735 885 3815 praedicta
906 3737 1045 3802 eeclesia
1066 3738 1106 3802 ad
1129 3748 1275 3806 sanctum

183 3835 396 3902 Donatianum
420 3833 637 3928 praepositus,
654 3840 685 3899 et
702 3833 742 3898 ad
765 3834 847 3900 hanc
870 3835 909 3899 ab
925 3835 1106 3902 decembris
1128 3837 1275 3920 ejusdem

185 3933 261 3998 anui
289 3933 368 3996 ttoi
396 3938 559 4013 receptus,
586 3939 618 4000 et
643 3931 811 3997 Flandriae
837 3933 1069 4012 cancellarius;
1097 3944 1165 4002 tum
1191 3953 1276 4002 anno

187 4033 267 4096 llll
283 4048 301 4098 a
317 4029 582 4096 Gandavensibus
606 4029 849 4108 rebellantibus,
868 4048 906 4098 co
922 4033 1008 4115 quod
1031 4033 1146 4102 luisset
1163 4035 1277 4102 llarolc
1315 4031 1317 4036 '

189 4130 342 4208 audacia
357 4128 504 4252 consiliis
519 4129 668 4207 socratis,
685 4135 809 4212 captus.
827 4130 907 4198 llioo
922 4126 1099 4200 translatus
1115 4135 1155 4202 ad
1170 4151 1278 4280 arerem

233 4231 279 4276 lll.
675 4276 677 4280 f
983 4266 986 4269 .
