3036 4946
743 418 929 482 -232-

296 611 311 645 u
328 587 446 669 legium
462 586 494 650 in
511 585 661 652 omnibus
683 584 856 650 mobilibus
883 577 1108 646 bursariorum
1121 573 1154 638 iu
1170 567 1305 650 collegio
1320 577 1371 632 aut

294 711 312 748 u
329 686 457 752 lovanii
474 685 690 760 morientium,
708 701 790 764 quae
812 679 943 745 mobilia
965 675 1164 757 reperientur
1186 669 1218 732 iu
1239 663 1373 746 collegio

295 810 312 846 »
329 795 383 851 aut
405 785 549 860 lovanii,
567 786 642 848 dolo
665 800 702 849 ac
724 782 836 848 fraude
858 777 1041 845 seclusis.»
1064 769 1214 837 Vicissim
1230 765 1375 831 fundator

295 885 494 952 universales
507 883 663 948 haeredes
673 882 853 946 instituerat
866 891 1051 960 «pauperes
1063 869 1229 936 bursarios
1241 866 1274 929 in
1287 862 1376 928 colle-

295 1008 313 1044 »
328 985 382 1066 gio
407 1000 463 1063 per
479 999 551 1048 eum
577 981 609 1044 in
632 980 750 1060 oppido
773 975 963 1042 Lovanieusi
989 979 1098 1038 erecto
1120 979 1152 1034 et
1173 965 1304 1032 fundato
1321 977 1375 1042 pro

295 1091 474 1163 »tempore
500 1081 637 1154 futuros,
655 1079 824 1160 ipsumque
850 1073 1021 1154 collegium
1048 1085 1105 1150 pro
1129 1072 1281 1147 perpetua
1309 1059 1376 1140 ejus

296 1205 313 1242 u
329 1180 526 1252 fundatione,
553 1177 716 1243 dotatione
732 1185 765 1242 et
779 1173 1018 1246 interlectione,
1046 1168 1113 1233 sive
1136 1161 1291 1247 praedicti
1313 1157 1377 1223 col·

296 1280 405 1360 »legii
427 1279 615 1360 provisores
637 1276 766 1341 nomine
785 1283 816 1340 et
842 1275 880 1338 ad
903 1288 985 1352 opus
1007 1267 1193 1334 eorumdem
1216 1256 1378 1326 bursariu-

297 1398 413 1446 urum.
432 1380 543 1443 »Eam
564 1378 702 1459 denique
716 1376 818 1441 voluit
839 1391 914 1443 esse
939 1373 1023 1438 iuter
1048 1365 1183 1448 collegia
1209 1358 1382 1427 Aunessia-

296 1496 394 1544 oense
410 1486 441 1544 ot
457 1477 655 1543 Lovauiense
671 1475 860 1541 societatem
885 1489 922 1536 uc
936 1473 1095 1536 bonorum
1111 1460 1380 1531 communionem,

296 1586 342 1651 ul,
367 1577 395 1642 si
411 1577 613 1658 contingeret
627 1575 762 1657 alterum
778 1589 855 1638 casu
881 1571 988 1652 aliquo
1014 1565 1157 1632 subverti
1184 1568 1238 1625 aut
1252 1571 1381 1640 gravem

298 1678 420 1742 cladem
451 1677 616 1757 accipere,
644 1686 710 1739 tum
736 1673 828 1748 illud,
856 1671 940 1752 quod
968 1667 1126 1748 reliquum
1155 1659 1267 1732 luerit,
1299 1654 1384 1720 velut

297 1775 422 1839 socium
445 1785 476 1840 et
499 1775 611 1840 eodem
629 1781 759 1854 parente
787 1780 908 1844 natum,
925 1767 1042 1832 afflicto
1058 1763 1171 1828 debeat
1194 1757 1270 1824 totis
1295 1769 1383 1837 prae·

297 1875 419 1938 cordiis
434 1873 617 1947 subvenire,
644 1881 676 1936 ut
692 1888 795 1952 neque
811 1870 844 1932 in
868 1863 1100 1930 Aunesiacensi
1117 1860 1292 1942 quicquam
1317 1853 1385 1918 siue

299 1989 462 2036 consensu
490 1971 693 2052 provisorum
721 1967 846 2048 collegii
870 1964 1080 2030 lovaniensis
1101 1955 1262 2022 immutari
1280 1957 1383 2034 queat.

307 2071 344 2132 lli
359 2085 457 2150 porro
473 2085 490 2132 a
506 2068 711 2132 facultatibus
726 2081 838 2132 sacrae
852 2062 1036 2141 theologiae
1058 2069 1089 2126 et
1112 2056 1195 2140 iuris
1219 2053 1387 2131 utriusque

301 2176 390 2230 certo
404 2167 499 2230 modo
515 2174 609 2246 atque
625 2165 737 2228 ordine
753 2162 893 2244 eligendi
909 2169 996 2234 sunt,
1013 2167 1045 2223 el
1068 2154 1250 2238 praesidem
1267 2146 1386 2216 cousti-

303 2273 406 2338 tuunt‚
424 2281 519 2345 quem
535 2272 653 2328 statuta
670 2261 858 2343 permittunt
883 2257 1027 2324 doctoris
1053 2255 1197 2328 titulum,
1219 2257 1388 2330 postquam

301 2362 365 2444 jam
382 2378 514 2442 praeses
529 2371 590 2436 est,
608 2363 791 2434 adsumere,
808 2375 872 2423 uon
885 2358 980 2422 etiam
1004 2364 1038 2420 ut
1052 2352 1169 2434 aliquis
1184 2356 1259 2414 ante
1276 2348 1388 2412 doctor

303 2462 489 2526 adsumatur
504 2461 537 2523 in
553 2459 745 2540 praesidem.
766 2458 811 2522 Ea
827 2467 931 2522 mmen
947 2457 998 2521 lex
1013 2454 1047 2517 in
1063 2450 1212 2518 hodierni
1229 2442 1388 2528 praesidis

303 2559 460 2624 electione
471 2559 610 2624 relaxata
626 2567 687 2624 est.
702 2581 719 2617 >2
736 2557 783 2622 Ita
799 2557 926 2626 Puounr.

346 2754 597 2820 celeberrimum
623 2755 685 2820 hoc
714 2753 884 2834 collegium
913 2748 1045 2814 lovanii
1074 2754 1126 2814 est
1154 2761 1212 2826 per
1240 2740 1392 2807 exiutium

304 2855 469 2919 dominum
486 2853 694 2918 Eustachium
718 2840 876 2933 ChapuyS,
894 2849 1090 2924 sabaudum,
1107 2846 1141 2908 iu
1163 2858 1247 2908 anuo
1266 2835 1393 2906 Domini

280 2959 281 2962 ’
304 2952 386 3016 taso
406 2956 439 3016 tn
462 2955 500 3016 dc
520 2951 776 3017 Pennioclslruet
797 2951 965 3014 fundatum
988 2947 1022 3010 iu
1043 2947 1141 3011 domo
1167 2950 1198 3007 et
1221 2939 1326 3006 laudo
1341 2951 1393 3018 per

305 3067 378 3114 eum
400 3060 586 3130 comparato
607 3059 638 3114 et
661 3049 776 3129 amplis
798 3047 954 3112 aediliciis
981 3053 1093 3126 postea
1116 3038 1316 3122 amplificato
1340 3047 1393 3115 pro

305 3149 385 3213 solis
400 3148 558 3213 Sabaudis
573 3147 728 3212 studiosis
741 3164 779 3212 ex
787 3145 958 3222 sabaudia,
972 3152 1003 3209 et
1015 3140 1208 3224 praesertim
1223 3154 1264 3202 ex
1276 3131 1394 3217 oppido

306 3247 483 3312 Anessiaco
499 3245 674 3311 mittendis.

346 3344 428 3408 lluic
442 3345 579 3424 collegio
602 3344 739 3424 primum
763 3341 958 3422 comparavit
981 3356 1081 3421 super
1103 3335 1294 3402 domanium
1317 3331 1397 3396 Suae

307 3441 480 3522 Maiestatis
492 3451 663 3508 sexcentos
675 3441 818 3504 llorenos
830 3455 956 3504 annuos
969 3439 1002 3502 in
1014 3435 1179 3506 territorio
1189 3426 1394 3499 lovaniensi,

307 3545 339 3602 et
361 3539 465 3602 adhuc
487 3539 567 3604 alios
594 3534 847 3620 quadringentos
869 3553 968 3618 super
995 3534 1147 3600 domanio
1176 3531 1210 3594 in
1234 3524 1396 3595 territorio

307 3637 525 3714 Bruxellensi;
556 3637 632 3702 item
661 3654 759 3717 super
784 3636 925 3700 statibus
952 3632 1143 3700 &auantiae
1169 3631 1203 3693 in
1232 3625 1396 3694 territorio

308 3734 507 3800 Bruxellensi
519 3736 720 3816 septuaginta
732 3735 872 3816 quinque
883 3733 1046 3808 llorcoos3
1064 3731 1142 3796 item
1155 3745 1256 3811 super
1271 3726 1397 3792 civitate

308 3832 532 3914 antverpiensi
549 3835 800 3916 quadringentos
815 3833 958 3899 llorenos
973 3849 1111 3900 annuos.

350 3929 385 3992 ln
402 3948 464 4011 ouo
479 3933 616 4013 collegio
638 3935 787 3998 fundator
801 3932 902 3997 voluit
925 3933 1007 3996 hauc
1030 3930 1189 3995 rationem
1212 3925 1351 4001 servari,
1369 3929 1399 3986 ut

311 4035 375 4090 non
397 4033 444 4092 tot
465 4047 593 4111 semper
607 4031 769 4096 alerentur
790 4029 942 4104 bersarii,
968 4035 1046 4110 quot
1068 4027 1194 4094 reditus
1217 4025 1304 4090 serre
1329 4035 1399 4104 pos-

227 4223 228 4226 *
312 4131 404 4200 seut,
435 4127 492 4192 sed
522 4129 608 4208 quod
639 4144 810 4209 numquam
839 4135 1087 4200 consumeretur
1117 4125 1202 4191 ultra
1233 4121 1399 4188 dimidium
