3100 4938
649 372 772 458 -7113
795 407 834 418 -

194 540 376 623 primores;
395 537 480 620 quod
496 553 626 619 semper
648 537 710 602 sibi
732 547 820 602 esset
842 535 1137 616 praesentissimus,
1156 551 1284 616 semper

193 637 420 718 gravissimus,
448 637 545 700 immo
572 652 701 717 semper
725 634 821 701 idem.
852 633 910 699 llic
937 641 1015 709 erat,
1044 633 1098 714 qui
1124 639 1198 698 ante
1223 634 1284 699 hos

194 737 237 801 13
259 753 374 813 annos,
399 735 432 798 in
458 733 668 799 celeberrimo
694 741 800 809 coetu,
828 749 922 814 quem
948 735 1093 800 iunctam
1115 742 1283 809 vocarunt,

193 852 270 900 cum
296 833 426 900 selectis
448 831 643 897 consiliariis
669 830 869 912 Brabantiae,
892 831 1083 896 Academiae
1111 830 1180 905 toti,
1203 847 1284 911 quae

194 933 352 1016 pestilera
378 931 502 996 turbata
529 931 642 1008 luerat,
670 937 809 1012 optatam
840 929 977 994 reddidit
1007 930 1157 1010 quietem.
1183 929 1284 1010 Huius

193 1031 257 1095 viri
272 1031 312 1095 de
328 1029 451 1095 meritis
468 1029 603 1094 maxime
619 1045 731 1094 omnes
748 1029 911 1112 praeclare
934 1028 1032 1113 locuti
1055 1029 1193 1097 luerunt.
1213 1027 1284 1109 qui·
1395 1059 1402 1069 ·

157 1133 164 1144 '
194 1131 258 1195 bus
284 1128 421 1192 maxime
445 1135 518 1208 post
543 1127 648 1208 ipsum
674 1127 764 1192 cordi
788 1127 845 1192 luit
870 1125 1069 1194 Universitas
1092 1135 1156 1190 tota
1181 1143 1188 1189 :
1214 1125 1284 1205 ipsc

195 1227 341 1293 omnium
359 1226 500 1297 minime,
517 1224 615 1290 immo
631 1241 816 1306 numquam.
834 1225 915 1288 Vixit
938 1224 1004 1290 lleo
1028 1235 1059 1290 et
1081 1223 1282 1298 Academiae,

197 1325 294 1391 bonis
309 1323 501 1390 academicis
514 1323 585 1388 sine
597 1323 695 1388 dubio
708 1322 885 1388 deflendus.
899 1323 1024 1387 Abhinc
1036 1323 1055 1386 6
1067 1323 1292 1388 hebdomades

197 1424 231 1487 in
248 1423 394 1488 ultimum
417 1421 529 1486 incidit
551 1421 749 1502 languorem,
767 1422 951 1502 amissoque
975 1417 1094 1486 crebro
1114 1419 1283 1502 sanguine,

196 1539 271 1588 cunt
289 1521 466 1603 periculum
483 1520 616 1586 sentiret
632 1521 756 1595 mortis,
773 1520 936 1585 Ecclesiae
960 1529 1160 1585 sacramenta
1184 1519 1284 1584 multo

196 1637 271 1686 cum
288 1618 469 1685 devotionis
481 1635 580 1684 sensu
596 1617 751 1700 suscepit,
764 1618 894 1684 dolores
908 1619 1066 1700 patienter
1081 1619 1169 1693 tulit;
1189 1625 1286 1698 utque
1366 1620 1369 1625 ’

197 1718 275 1782 vixit
291 1717 326 1780 iu
348 1716 519 1782 christiana
543 1715 662 1797 pietate
684 1734 823 1798 semper,
841 1719 884 1782 ita
907 1715 959 1798 pie
981 1727 1127 1790 mortuus
1143 1726 1205 1782 est.
1222 1717 1285 1782 Sed

198 1832 337 1898 peccare
358 1824 515 1897 agnatum
529 1823 578 1880 est
599 1814 760 1880 omnibus.
787 1816 966 1881 Habeamus
988 1833 1065 1897 ergo
1088 1825 1231 1882 sanctam
1254 1825 1287 1880 et

199 1916 373 1980 salutarem
390 1913 614 1996 cogitationem
632 1927 690 1992 pro
706 1913 857 1980 deiuncto
873 1915 1037 1990 exorandi,
1056 1925 1121 1980 uta
1146 1914 1286 1996 peccatis
1340 1962 1342 1966 .

199 2013 394 2102 absolvatur.
413 2011 450 2076 li.
468 2011 492 2076 l.
512 2012 545 2076 P.
561 2034 578 2071 n
593 2011 712 2078 Sebeda
728 2015 906 2077 mortuaria.

240 2190 354 2254 xxxi.
365 2189 456 2253 liat.
467 2189 585 2254 Gisrxn
598 2191 794 2267 chsnmns,
805 2191 1059 2272 antuerpiensis,
1076 2194 1286 2258 111111611-

199 2290 301 2360 tobris
318 2289 409 2364 1686,
427 2297 517 2370 patre
532 2288 726 2364 Christiano,
745 2298 845 2355 matre
860 2292 1037 2371 Margarata
1053 2291 1159 2372 Gelps,
1177 2292 1288 2358 literas

200 2388 410 2454 humaniores
436 2387 468 2450 in
492 2389 593 2469 patria
621 2388 703 2468 apud
732 2397 839 2470 patres
868 2389 1133 2472 Augustinianos,
1159 2399 1227 2455 tum
1255 2390 1288 2456 in

184 2485 324 2554 'scholis
339 2485 566 2562 Ghelensibus,
583 2485 782 2550 dialecticam
805 2504 881 2552 aero
904 2488 937 2551 in
959 2489 1126 2570 gymnasio
1149 2489 1288 2554 sanctis-

198 2586 300 2652 simae
314 2584 479 2650 Trinitatis
495 2575 624 2649 Lovanii
637 2585 759 2664 didicit,
774 2594 869 2668 atque
881 2603 966 2652 anno
979 2587 1059 2652 libii
1074 2586 1157 2652 inter
1172 2587 1288 2654 artium

198 2683 372 2766 magistros
388 2698 406 2749 e
421 2682 619 2764 paedagogio
635 2683 737 2748 dastri
753 2685 928 2750 secundam
945 2686 1082 2766 palmam
1098 2686 1286 2768 reportavit.

198 2783 276 2848 lnde
304 2781 389 2846 inter
418 2781 566 2846 alumnos
596 2797 707 2847 sacrae
734 2782 914 2864 theologiae
938 2783 971 2846 in
1000 2784 1137 2866 collegio
1168 2784 1288 2866 Baiano

199 2873 406 2954 adscribitur,
423 2878 899 2964 gradumquebaccalaureatus
922 2881 1058 2963 adeptus
1081 2881 1180 2948 estin
1197 2898 1289 2948 sacra

199 2980 379 3062 theologia';
403 2997 443 3046 ex
472 2996 536 3064 quo
566 2980 584 3043 1
614 2981 742 3062 augusti
770 2981 862 3057 tito,
894 2983 1026 3064 lpaucos
1052 2991 1126 3047 ante
1152 2982 1227 3047 dies.
1248 2983 1288 3046 ad

199 3077 416 3146 sacerdotium
431 3081 572 3158 evectus)
596 3095 613 3142 1
629 3078 769 3144 dominis
784 3079 1038 3145 Falconensibus
1052 3080 1241 3160 exposcitur
1256 3081 1288 3143 in

198 3175 424 3260 philosophiae
442 3177 666 3258 professorem
688 3177 722 3242 in
745 3177 851 3243 locum
874 3177 1047 3244 clarissimi
1070 3177 1191 3242 domini
1207 3179 1288 3243 Bau-

198 3291 303 3352 wens,
314 3272 540 3354 jurisconsulti
553 3274 766 3340 celeberrimi.
777 3275 846 3352 Quo
858 3292 991 3342 murrere
1004 3293 1105 3357 usque
1118 3276 1156 3340 ad
1169 3291 1289 3340 annum

198 3373 281 3438 tias
296 3387 421 3437 summa
436 3387 510 3436 cum
525 3371 619 3438 laude
635 3373 765 3440 functus
781 3381 841 3451 est,
859 3373 893 3438 in
909 3373 1056 3440 docendo
1072 3365 1241 3440 accuratus
1257 3381 1290 3440 et

197 3468 374 3548 dilucidus,
402 3470 435 3534 in
462 3469 656 3551 disputando
679 3471 772 3537 fortis
798 3479 830 3538 et
858 3472 998 3564 subtilis,
1022 3472 1055 3536 in
1077 3471 1289 3539 custodienda

198 3567 371 3650 disciplina
392 3567 611 3650 collegiastica
641 3569 783 3652 regentis
812 3570 914 3636 instar
941 3571 1219 3654 vigilantissimus.
1252 3569 1288 3632 ln

199 3669 263 3732 hoc
285 3681 417 3742 munere
440 3681 513 3731 cum
535 3673 681 3732 recenter
702 3677 823 3750 ageret,
846 3669 1108 3749 praedecessoris
1132 3669 1288 3734 111611-

200 3763 298 3832 wenti
313 3763 441 3828 hortatu
464 3770 497 3829 et
520 3765 665 3846 exemplo
681 3781 876 3846 persuasus,
894 3766 1037 3832 studium
1049 3765 1222 3848 juridicum
1238 3783 1288 3831 ar·

134 3867 137 3872 '
200 3861 288 3944 ripit,
311 3867 343 3926 et
365 3861 404 3925 lb
426 3861 569 3928 octobris
593 3862 673 3936 illd
695 3863 843 3930 licentiae
867 3865 976 3932 laurea
1002 3865 1035 3928 in
1060 3873 1196 3949 utroque
1216 3865 1288 3946 jure

201 3961 339 4026 donatur
365 3979 372 4021 :
402 3957 623 4038 (cnlrULann
649 3962 879 4027 rasbacoclUM
906 3963 1128 4042 cabilonense).
1154 3962 1287 4029 interim

6 4039 11 4140 J
96 4092 103 4102 .
197 4056 391 4138 theologiae
406 4056 548 4122 studium
570 4074 769 4141 nequaquam
792 4057 942 4144 neglexit,
960 4062 1018 4128 sed
1034 4061 1189 4143 singulari
1212 4077 1286 4125 eru-
