3036 4946
609 416 794 482 -ccl-
878 484 883 488 .

156 584 338 662 Cbidvres);
365 581 395 664 3)
418 582 529 648 decem
548 582 659 664 jugera
676 594 838 664 pratorum
856 584 888 648 iu
906 585 1052 665 paroecia
1076 585 1188 652 Dnnck
1204 590 1243 668 (ll
1290 625 1292 629 ·

156 701 257 766 prope
283 682 444 757 lliestam;
468 682 496 760 l)
520 681 657 747 reditum
684 682 854 764 quemdam
869 701 967 765 snper
982 683 1117 750 wabbatia
1140 688 1244 754 sancti

155 780 323 848 Michaelis
351 779 553 860 Antverpiae.
587 779 682 856 llaec,
711 781 884 846 admodum
915 783 1034 858 terrula,
1059 785 1244 864 praesidum

154 879 345 948 oeconomia
359 895 396 944 ac
424 878 664 944 bencfactorum
694 879 884 946 liberalitate
916 882 1121 962 postmodum
1153 892 1245 950 aucta

156 981 328 1063 plurimum
344 995 487 1044 crevere.
502 1002 519 1037 n
535 979 578 1042 lta
596 978 724 1050 Panum.

157 1212 161 1220 ·
196 1178 267 1243 Hoc
282 1175 453 1257 collegium
470 1191 487 1240 a
504 1174 607 1240 felicis
623 1174 856 1240 recordationis
871 1175 1011 1241 Adriano
1028 1185 1131 1253 sexto,
1149 1193 1242 1259 papa,

154 1277 232 1342 olim
249 1276 371 1341 decano
394 1272 582 1355 collegiatae
604 1273 760 1339 ecclesiae
782 1275 885 1340 sancti
913 1275 995 1340 l'etri
1019 1277 1243 1356 Lovanicnsis,

153 1377 322 1442 fundatum
337 1375 398 1440 sub
415 1390 539 1444 annum,
553 1373 651 1450 lbl3;
676 1374 715 1437 ad
731 1375 817 1455 qnod
841 1374 970 1456 reliquit
993 1376 1123 1440 domum
1139 1394 1243 1454 suam,

153 1493 250 1558 qnam
267 1475 405 1554 amplam
428 1481 460 1538 et
478 1472 678 1554 splendidam
695 1473 726 1534 in
743 1473 862 1555 oppido
886 1475 1076 1540 Lovaniensi
1092 1476 1244 1555 babebat,

153 1574 206 1640 cui
222 1573 368 1655 adiunxit
382 1572 467 1638 bona
482 1589 551 1646 sua,
570 1589 651 1652 qaae
668 1573 797 1637 Lovanii
821 1581 852 1638 et
873 1571 905 1635 in
921 1573 1002 1638 locis
1018 1573 1132 1638 vicinis
1148 1574 1248 1640 babe-

153 1674 220 1749 bat,
239 1671 402 1738 erectione
425 1679 456 1736 et
478 1670 691 1750 dispositione
718 1671 864 1752 ejusdem
890 1672 1016 1754 collegii
1041 1671 1152 1737 relicta
1177 1673 1245 1739 suis

84 1847 86 1849 .
154 1771 339 1838 testamenti
356 1769 593 1846 executoribus,
611 1768 693 1833 inter
711 1787 792 1850 quos
815 1769 875 1835 fuit
897 1770 1069 1835 cardinalis
1088 1771 1246 1838 'd'llnckc

156 1878 262 1936 voert.
290 1869 348 1945 Qui
370 1870 433 1934 boc
461 1867 599 1948 primum
626 1868 874 1946 constituerunt,
904 1877 937 1934 ut
963 1867 995 1932 in
1021 1869 1083 1935 boc
1109 1869 1247 1952 collegio

156 1972 323 2035 alerentur
346 1975 391 2033 tot
413 1966 564 2043 bursarii,
581 1973 658 2048 quot
677 1967 762 2032 bona
785 1967 831 2030 illi
855 1967 966 2033 relicta
991 1968 1075 2034 ferre
1099 1978 1245 2050 possent,

154 2067 344 2135 constitutis
370 2065 506 2148 singulis
531 2064 690 2130 bunuariis
712 2065 843 2147 triginta
867 2066 998 2132 florenis
1022 2075 1053 2132 et
1076 2068 1245 2134 duodecim

155 2167 322 2233 balstariis
339 2165 477 2246 siliginis
493 2163 608 2228 artnuis
624 2164 706 2230 ultra
730 2181 822 2230 usum
847 2165 962 2229 domus
987 2173 1018 2230 et
1033 2167 1246 2246 supellectilis

153 2267 314 2350 ejusdem,
333 2282 459 2330 necnon
476 2263 703 2346 qninquaginta
726 2281 782 2328 sex
805 2263 948 2330 florenos
965 2282 1022 2346 pro
1038 2265 1132 2342 bove,
1150 2263 1247 2346 lignis

153 2377 185 2433 el
203 2366 330 2431 cultura
346 2363 443 2439 berti,
461 2363 492 2426 in
517 2362 679 2428 communi
703 2379 761 2442 pro
784 2363 946 2440 omnibns,
964 2363 1141 2429 constituto
1157 2364 1190 2428 in
1207 2381 1245 2429 eo

154 2464 374 2547 praesidente,
390 2463 440 2527 vel
456 2462 599 2535 doctore,
616 2461 666 2526 vel
683 2460 858 2536 licentiato,
876 2463 926 2526 vel
952 2461 1159 2528 baccalaureo
1180 2463 1248 2528 ior-

153 2573 243 2629 mato
259 2563 292 2626 in
308 2578 398 2626 sacra
415 2560 589 2642 theologia,
606 2561 658 2625 cui
681 2561 878 2626 tantumdem
903 2559 1129 2638 attribuerunt,
1147 2578 1248 2644 quan·
1274 2593 1277 2600 ·

154 2675 225 2728 tum
241 2661 377 2742 singulis
390 2659 560 2735 burseriis,
574 2667 605 2723 ct
618 2659 699 2723 ultra
711 2660 774 2725 boc
786 2675 844 2740 pro
857 2659 926 2725 suis
939 2661 1104 2737 laboribus
1119 2661 1248 2742 triginta

61 2773 63 2777 ·
153 2763 302 2827 florenos
317 2776 453 2834 annuos,
471 2775 509 2822 ex
525 2758 642 2838 quibus
658 2757 752 2823 debet
766 2759 919 2824 famulum
935 2765 1028 2824 suum
1045 2759 1143 2825 alenc.

198 2861 358 2925 Numerus
374 2857 594 2922 bursariorum
610 2857 649 2920 ab
670 2857 761 2921 initio
784 2857 951 2938 angustior
967 2857 1036 2932 fnit,
1061 2857 1246 2923 constitutis

155 2968 281 3024 tantum
298 2963 446 3038 quatuor,
463 2955 495 3017 in
512 2971 667 3019 successu
691 2955 845 3035 temporis
868 2955 1028 3020 interdum
1049 2955 1144 3021 eliam
1159 2963 1246 3020 octo.

200 3056 400 3137 cnisprimae
416 3053 593 3119 t'undationi
619 3071 657 3117 ex
680 3053 815 3118 aliorum
843 3053 904 3134 piis
926 3053 1196 3134 dispositionibus
1217 3062 1248 3119 et

154 3153 475 3237 incorporationibus
490 3153 676 3233 apostolicis
700 3153 888 3218 successive
911 3162 1122 3218 accesserunt
1144 3154 1248 3218 adbuc

153 3259 271 3320 decem
299 3253 378 3318 aliae
400 3252 529 3328 bursae,
558 3261 750 3318 nontamen
773 3253 885 3317 eodem
909 3270 1023 3318 omncs
1046 3253 1167 3328 valore,
1190 3270 1250 3333 pro

154 3371 225 3436 uuo
242 3351 367 3434 aequali
389 3350 615 3415 constituendo
638 3367 677 3413 cx
698 3349 924 3415 communibus
949 3351 1158 3431 proventibus
1181 3351 1248 3416 col·

154 3452 235 3535 legii
252 3451 430 3533 suppletur,
449 3450 534 3530 quod
552 3448 1011 3536 tenuioribus*fundationibus
1028 3451 1130 3525 deest,
1149 3466 1250 3531 quum

154 3553 191 3616 id
209 3550 307 3614 annui
324 3559 499 3630 proventus
515 3548 689 3628 patiuntur.
1165 3540 1167 3546 ’

203 3649 305 3730 Hujus
321 3647 448 3730 collegii
465 3647 650 3728 provisores
666 3655 700 3736 et*
712 3647 895 3712 visitatores
919 3655 994 3712 sunt
1011 3648 1120 3714 senior
1136 3649 1249 3713 doctor

154 3766 218 3816 seu
237 3748 404 3828 professor
419 3747 523 3811 dictae
539 3745 709 3818 facultatis,
728 3754 759 3810 et
774 3745 928 3826 plebanus
945 3747 1133 3830 collegiatae
1149 3747 1252 3811 eccle-

154 3849 230 3915 siae
246 3845 349 3911 sancti
365 3845 449 3910 Petri
466 3843 685 3918 Lemniensis,
703 3843 758 3926 qni
779 3843 874 3910 etiam
897 3844 1001 3910 dictae
1026 3844 1185 3936 facultatis
1201 3854 1251 3910 est

200 4040 241 4131 (ll
262 4059 359 4116 Dunck
376 4075 410 4115 cu
434 4059 541 4126 Donck,
558 4058 673 4130 paroisse
695 4057 779 4113 siluae
799 4055 866 4113 dans
888 4056 914 4114 la
936 4057 1061 4132 province
1082 4059 1194 4117 uctucl'e
1215 4057 1251 4114 dn

156 4153 320 4223 Limbcnrg,
338 4167 391 4208 non
406 4149 459 4206 lotn
473 4149 505 4206 dc
521 4149 616 4205 Diest„
