3036 4946
746 442 933 506 —198-

299 600 381 664 quae
409 586 607 664 inchoasset,
639 589 834 666 absolveret,
865 589 927 654 uisi
954 589 1100 670 paucula,
1131 606 1213 670 quae
1240 587 1383 661 haberet,

297 683 451 750 diuinitus
467 687 552 751 velut
568 687 723 754 miraculo
739 698 952 771 augerentur;
971 687 1081 753 multis
1097 687 1174 751 item
1189 687 1221 750 id
1239 687 1271 749 in
1288 685 1384 749 ambi-

299 782 418 847 tionem
434 784 641 867 studiumque
656 786 778 869 gloriae
791 787 1002 853 vertentibus.
1014 785 1054 850 ht
1067 787 1132 860 ille,
1147 784 1216 849 sive
1231 802 1290 866 spe
1302 783 1385 849 vires

300 880 438 962 majores
460 884 659 964 complexus,
678 885 746 951 sive
769 885 850 951 risus
874 902 937 950 non
960 885 1126 949 defuturus
1149 883 1202 965 qui
1225 881 1385 948 honestis·

297 980 383 1046 simo
399 983 527 1047 conatui
544 983 638 1048 etiarn
655 984 731 1066 ipsi,
749 1001 956 1066 progressum
980 985 1106 1048 fortuna
1122 980 1386 1063 denegante'ali-

297 1080 428 1159 quando
454 1097 568 1146 manus
593 1082 781 1164 adjicerent,
811 1082 1000 1164 praesertim
1028 1081 1081 1145 ubi
1108 1088 1284 1153 constaret,
1314 1079 1385 1160 quid

299 1189 471 1259 spectaret,
489 1181 657 1260 neglectis,
675 1198 756 1264 quae
773 1182 812 1246 ab
835 1181 971 1247 aemulis
994 1180 1166 1261 malignius
1178 1179 1385 1261 jactarentur,

297 1277 448 1342 alacriter
463 1280 496 1342 in
512 1273 664 1362 incoepto
681 1282 833 1362 perrexit,
851 1289 882 1346 et
906 1279 1034 1346 tandem
1058 1277 1194 1344 feliciter
1210 1279 1249 1341 ad
1272 1277 1385 1342 exitum

260 1458 262 1463 .
300 1377 459 1456 perduxit.
477 1378 588 1460 Neque
602 1380 686 1443 euim
703 1396 758 1445 eas
775 1379 871 1444 aedes
894 1387 967 1442 tam·
983 1377 1053 1442 suis
1070 1377 1182 1442 usibus
1199 1376 1386 1441 moliebatur
1497 1451 1498 1460 ἵ

217 1462 224 1514 3
298 1492 394 1556 quam
410 1477 610 1543 instituendo
626 1479 774 1561 collegio,
795 1478 847 1544 ubi
865 1493 1029 1542 sacrarum
1054 1477 1220 1541 literarum
1237 1471 1383 1546 studiosi,
1497 1469 1499 1494 '

302 1573 487 1640 liberalibus
503 1577 626 1642 artibus
638 1577 703 1659 jam
720 1577 820 1658 probe
836 1577 995 1652 instructi,
1011 1576 1127 1658 quibus
1141 1591 1198 1656 per
1209 1572 1385 1656 augustiam
1497 1551 1499 1628 ζ

301 1689 409 1738 rerum
427 1675 571 1754 prolerre
586 1675 749 1762 literarum
766 1676 871 1740 studia
887 1692 950 1740 non
967 1675 1088 1749 liceret,
1102 1671 1286 1754 theologiae
1300 1685 1384 1734 vaca-

302 1779 384 1836 rent.
405 1772 499 1836 Fama
517 1773 586 1849 lert,
610 1763 712 1856 inquit
735 1775 896 1840 Gerardus
920 1774 1084 1855 hloringus
1106 1773 1139 1834 in
1167 1772 1233 1836 Vita
1246 1770 1385 1840 Adriani,

250 1897 253 1904 ·
304 1870 389 1934 uude
404 1871 465 1934 ista
489 1874 554 1937 lere
569 1873 814 1955 descripsimus
833 1873 1031 1938 Bernardum
1048 1870 1257 1952 Carvajalem,
1279 1870 1385 1950 Hispa·
1415 1957 1418 1962 1

304 1987 393 2045 num,
410 1971 605 2037 cardinalem
621 1982 749 2038 sanctae
771 1971 884 2038 Crucis
906 1989 944 2038 ac
969 1969 1182 2054 patriarcham
1207 1967 1387 2048 Hierosoly-

304 2067 469 2145 mitanum‚
487 2087 559 2134 curn
575 2071 700 2152 legatus
715 2088 734 2135 a
749 2071 847 2136 latere
863 2071 902 2135 ab
916 2071 1000 2135 Julio
1018 2069 1057 2146 ll,
1073 2065 1225 2149 pontifice
1242 2067 1386 2140 maximo,

301 2165 341 2229 ad
358 2166 536 2234 Germanos
551 2169 684 2246 missus
703 2170 834 2235 Lovanii
859 2170 892 2232 in
913 2169 1047 2234 aedibus
1069 2166 1203 2231 Adriani
1219 2163 1387 2248 aliquando

303 2265 533 2344 diversaretur,
558 2286 622 2333 nou
646 2269 724 2334 satis
747 2269 898 2334 demirari
921 2268 1077 2350 potuisse,
1102 2266 1179 2349 quin
1202 2265 1267 2330 iuro
1292 2265 1388 2328 vehe-

247 2444 250 2451 .
306 2373 429 2430 menter
444 2366 494 2431 sui
510 2377 704 2448 pertaesum,
722 2369 806 2450 quod
829 2368 926 2433 homo
949 2367 1077 2432 infimae
1093 2382 1169 2448 prae
1185 2382 1223 2430 se
1246 2364 1389 2428 lortuuae

303 2482 388 2548 opus
409 2467 490 2533 adeo
513 2469 717 2551 magnificum
740 2471 870 2552 aggredi
892 2487 992 2534 ausus
1015 2476 1163 2544 essetab
1184 2463 1390 2532 conatumita

305 2563 392 2643 pium
413 2564 451 2629 ad
476 2567 626 2632 effectum
641 2569 819 2650 perducere
839 2568 990 2651 potuerit,
1008 2584 1090 2649 quae
1114 2566 1186 2647 ipse
1207 2561 1388 2656 cardinalis,
1462 2646 1465 2650 ⁸

242 2653 244 2656 ’
303 2662 354 2726 vir
369 2664 448 2728 tanti
464 2665 593 2748 lastigii,
608 2667 856 2740 necessitatibus
870 2667 943 2732 aliis
959 2665 1169 2740 interclusus,
1185 2681 1225 2730 ne
1241 2663 1391 2737 inchoare
1422 2693 1423 2713 κ

303 2759 434 2842 quidem
454 2764 624 2844 potuisset,
642 2783 715 2830 curn
738 2765 847 2847 idjam
863 2766 939 2831 olim
961 2765 1132 2830 meditatus
1154 2772 1255 2829 esset.
1271 2761 1317 2825 Ex
1333 2761 1390 2823 hac

304 2858 411 2941 itaque
427 2861 522 2925 domo
546 2861 624 2943 erigi
647 2871 679 2927 et
701 2863 828 2928 fundari
849 2864 953 2930 voluit
975 2863 1148 2945 collegium
1173 2861 1301 2927 ultimae
1317 2873 1392 2924 suae

302 2957 480 3022 voluntatis
491 2959 619 3035 tabulis,
633 2977 714 3042 quas
726 2961 778 3025 die
790 2969 863 3026 ante
879 2961 1002 3026 obitum
1015 2961 1143 3026 decimo
1157 2977 1269 3026 coram
1285 2973 1392 3024 secre-

304 3055 386 3122 tario
402 3073 461 3120 suo
477 3057 656 3124 domestico
671 3060 873 3125 Theodorico
890 3061 997 3136 llczio,
1016 3060 1239 3142 protonotario
1262 3065 1392 3141 apostu-

305 3153 379 3231 lice,
393 3155 555 3234 condidit;
569 3175 649 3239 quas
661 3168 692 3223 et
703 3160 766 3224 hoc
777 3160 862 3236 loco,
874 3177 935 3242 qua
947 3159 1119 3241 collegium
1132 3166 1293 3240 spectant,
1307 3155 1393 3221 lubet

305 3263 548 3335 repraesentare
566 3273 573 3319 :
595 3279 612 3315 «
626 3257 662 3320 ln
679 3258 808 3324 nomine
823 3268 954 3326 sanctae
969 3267 1001 3324 et
1016 3259 1201 3323 individuae
1216 3254 1393 3320 Trinitatis.

307 3367 324 3408 s
395 3352 485 3427 Quod
501 3355 586 3418 anno
601 3371 619 3418 a
634 3356 804 3423 Nativitate
820 3358 942 3423 domiui
959 3357 1062 3422 nostri
1078 3358 1157 3422 lesu
1170 3355 1288 3420 Christi
1302 3352 1393 3425 that,

308 3449 516 3516 »indictione
538 3453 718 3530 undecima,
736 3456 789 3521 die
804 3473 879 3521 vero
905 3457 1029 3530 martis,
1052 3466 1165 3522 octava
1188 3453 1393 3537 septembris,

308 3570 325 3605 »
341 3549 545 3628 pontificatus
561 3553 757 3617 sanctissimi
782 3555 815 3617 in
838 3555 967 3620 Christo
984 3555 1084 3636 patris
1100 3561 1133 3620 et
1155 3553 1279 3618 domini
1294 3549 1397 3616 nostrl

309 3646 472 3711 »Adriani
494 3649 601 3714 divina
624 3651 827 3717 Providentia
851 3671 953 3735 papae
968 3653 1008 3718 Vl
1032 3670 1117 3718 anno
1139 3653 1297 3726 secundo,
1315 3651 1397 3714 idem

308 3747 566 3818 »sanctissimus
588 3749 737 3814 dominus
761 3761 872 3816 noster
887 3752 1049 3816 Adrianus
1065 3769 1158 3834 papa,
1175 3768 1316 3833 corpore
1332 3748 1397 3831 qui-

310 3864 327 3899 »
342 3842 415 3905 dem
431 3855 593 3926 aegrotus,
611 3849 733 3913 mentis
743 3858 850 3915 tamen
866 3859 898 3916 et
914 3851 1048 3916 rationis
1064 3867 1212 3932 compos,
1227 3865 1338 3915 coram
1351 3863 1397 3910 me

309 3944 517 4008 »secretario
538 3963 597 4011 suo
620 3947 799 4014 domestico
815 3967 852 4014 ac
877 3950 1001 4014 notario
1028 3949 1168 4030 publico,
1196 3948 1398 4036 testibusque

314 4036 568 4123 »infrascriptis
594 4047 632 4108 ad
648 4046 728 4110 hacc
743 4049 925 4130 specialiter
941 4048 1061 4113 vocatis
1077 4057 1110 4112 et
1125 4049 1260 4130 rogatis,
1286 4047 1398 4112 volens

312 4157 328 4191 »
344 4134 428 4200 inter
443 4139 515 4216 alia,
533 4142 572 4204 de
595 4143 710 4223 quibus
734 4146 905 4211 occasione
928 4148 1084 4211 adversae
1107 4163 1187 4211 suae
1203 4144 1395 4211 valetudinis
