3036 4946
626 502 665 515 -·
688 467 809 534 ato-

176 633 331 699 didicisse
348 649 461 700 omnes
487 633 616 721 dehent,
641 641 707 698 tum
722 630 941 716 philosophiae
956 629 989 694 in
1006 627 1125 694 scholis
1142 627 1259 708 paeda-

175 731 260 814 gogii
277 731 383 808 Porci,
401 731 515 798 exinde
531 732 711 814 theologiae
726 732 776 798 vel
789 729 864 813 iuri.
879 729 938 806 Qui
956 745 1069 794 omues
1082 737 1153 809 toga
1168 725 1259 790 talari

175 830 338 906 incedant,
355 830 506 896 fundator
521 830 631 896 voluit.

220 928 476 1010 Praerogativam
492 929 531 993 ad
547 929 662 994 bursas
677 930 795 994 habent
810 925 1038 1008 consanguinei
1055 922 1233 989 fundatoris
1251 919 1257 986 ε’

175 1027 255 1092 alias
272 1028 388 1094 ordine
413 1027 622 1094 admittuntur
642 1029 865 1106 Boviniens'es,
892 1028 1127 1118 Namurcenses
1147 1031 1178 1088 et
1200 1023 1260 1087 Lc-

174 1142 360 1192 vanienses.

121 1221 124 1226 '
219 1226 409 1291 provisores
426 1225 602 1292 nominavit
617 1227 702 1292 idem
717 1226 867 1291 fundator
883 1223 1118 1305 praesidentem
1134 1219 1259 1302 collegii

175 1325 403 1406 theologorum
420 1325 524 1404 (modo
547 1325 679 1408 majoris
703 1324 830 1407 collegii
855 1327 914 1402 esti
940 1331 972 1389 et
994 1321 1077 1403 juris
1104 1319 1261 1402 pontificii

175 1423 365 1505 primarium
381 1424 598 1505 professorem
615 1441 672 1490 seu
684 1433 937 1490 antecessorem.

221 1522 396 1604 Collegium
422 1523 483 1588 hoc
509 1524 605 1588 situm
631 1525 663 1588 in
687 1525 791 1606 platea
812 1524 993 1605 Praepositi,
1016 1521 1111 1586 modo
1138 1525 1261 1600 portam
1322 1597 1324 1602 ι

106 1681 108 1686 ,
175 1638 270 1686 suam
296 1621 479 1702 primariam
507 1622 603 1688 hahet
625 1641 643 1688 e
670 1623 802 1706 regione
817 1623 940 1705 plateae
959 1621 1062 1686 dictae
1077 1621 1115 1683 de
1129 1618 1261 1684 Heuoel-

172 1727 289 1784 structe
303 1737 360 1786 seu
386 1721 615 1803 collegio-larg,
633 1721 861 1787 descendentis
874 1721 963 1803 juxta
982 1718 1153 1800 collegium
1169 1717 1260 1782 theo·

173 1821 325 1901 logorum
339 1820 443 1900 majus
459 1838 573 1886 versus
593 1822 685 1886 Vetus
698 1824 827 1896 Forum,
846 1819 1051 1900 extenditque
1067 1835 1102 1882 se
1117 1818 1180 1882 hcc
1195 1815 1262 1881 ccl-

174 1917 298 2000 legium
328 1929 416 1988 retro
445 1921 485 1985 ad
515 1920 651 2001 plateam
681 1938 783 2002 usque
809 1921 849 1986 de
869 1919 1128 1999 shepeia-strate,
1157 1915 1209 1980 uhi
1232 1924 1263 1980 et
1298 1921 1299 1926 ’

176 2017 313 2082 alteram
329 2018 424 2083 hahet
439 2026 574 2099 portam.
799 2094 802 2102 Ι
1052 2032 1057 2042 ·
1240 2051 1241 2055 =

74 2108 76 2114 ’
146 2134 148 2136 ·
218 2116 312 2182 Anno
329 2116 419 2194 lili,
435 2118 604 2200 laugusti,
620 2118 790 2201 collegium
803 2119 865 2184 hoc
877 2117 974 2182 silum
986 2124 1054 2182 erat
1067 2132 1124 2181 seu
1137 2122 1261 2196 portam

179 2215 365 2296 primariam
392 2217 528 2282 habehat
553 2234 571 2283 c
595 2218 727 2300 regione
753 2219 868 2283 domus
894 2217 998 2282 dictae
1019 2217 1078 2279 den
1103 2213 1179 2294 Vupl
1194 2212 1263 2277 sive

180 2313 291 2378 Oudon
321 2316 396 2396 Vupl
424 2316 646 2397 incorporatae
672 2333 711 2383 eo
737 2333 821 2382 anno
845 2327 875 2382 et
900 2316 952 2381 die
982 2313 1118 2395 collegio
1148 2310 1262 2390 minori
1308 2320 1310 2324 ’

178 2413 418 2495 theologorum,
435 2432 472 2480 ac
494 2415 576 2480 sitae
591 2433 630 2481 eo
645 2417 729 2492 loco,
746 2417 780 2480 in
796 2433 859 2498 quc
875 2423 986 2498 postea
1002 2420 1198 2479 exstructum
1215 2419 1265 2475 est

178 2510 318 2577 minoris
343 2513 439 2594 huius
458 2515 682 2596 theologorum
704 2517 831 2598 collegii
853 2515 1017 2582 sacellum.
1036 2514 1103 2576 Hoc
1118 2517 1209 2592 patet·
1226 2525 1265 2574 ev

64 2647 65 2652 ,
175 2609 283 2674 literis
312 2612 529 2679 scehinalihus
559 2615 667 2702 oppidi
702 2615 911 2681 Levaniensis
940 2614 980 2678 de
1009 2612 1061 2677 die
1092 2613 1109 2672 l
1138 2609 1264 2692 augusti

221 2807 425 2890 Epitaphium
449 2810 629 2876 fundatoris
655 2813 739 2893 apud
768 2813 941 2878 Minores:
970 2835 987 2870 u
1010 2811 1066 2874 ch
1091 2825 1262 2879 nuotvvescvv

178 2931 197 2966 »
214 2925 405 2974 vannnnmuvs
427 2929 554 2974 hcllllltts
576 2929 611 2974 nr
629 2913 634 2994 1
654 2929 796 2975 nucrsrsn
814 2911 962 2976 Niconaus
980 2909 1097 2974 Goauuv
1113 2926 1149 2970 ne
1169 2908 1174 2989 Ι
1193 2923 1260 2968 cnu-

176 3029 196 3066 »
213 3024 311 3070 venun
327 3025 411 3072 cicun
430 3008 435 3092 Ι
453 3028 552 3073 rruvus
567 3028 601 3072 nc
617 3028 756 3074 nccuusvs
775 3011 780 3092 Ι
799 3027 892 3072 unave
906 3011 1004 3072 linars
1018 3024 1146 3070 vvncuus
1165 3005 1169 3086 l
1189 3005 1262 3066 llic-

173 3129 193 3165 »
212 3122 372 3170 nlnvnusvs
394 3127 567 3172 anuvosnus
582 3127 630 3180 our
644 3141 645 3144 ¹
658 3126 734 3172 cnnv
753 3127 828 3172 nnnc
847 3107 852 3192 Ι
872 3107 951 3172 1553
974 3107 1025 3170 die
1050 3105 1103 3169 10⁸
1119 3105 1152 3169 3α
1174 3121 1259 3168 tunt.

151 3277 154 3284 ¹
173 3228 194 3266 u
212 3203 400 3276 Rnouluscuv
415 3225 444 3270 nv
461 3225 543 3272 naun.
559 3230 576 3266 u
592 3207 660 3272 Huc
676 3225 777 3290 usque
793 3207 855 3271 Bar
870 3213 902 3274 et
916 3206 1044 3276 Pnouon.
1163 3231 1166 3235 ·

222 3403 422 3470 venerahilis
450 3405 599 3472 dominus
624 3405 777 3472 Nicolau's
802 3406 918 3472 Gohlet-
942 3405 981 3470 de
997 3401 1151 3476 ¹Bovinia,
1180 3400 1262 3482 juris

174 3503 337 3586 pontificii
366 3506 561 3582 licentiatus,
592 3506 748 3572 ccclesiae
777 3503 1004 3571 Dionantensis
1033 3501 1259 3582 praepositus,

173 3603 266 3668 circa
281 3619 398 3669 annum
414 3605 540 3669 Domini
557 3605 636 3669 1553
651 3605 684 3669 in
700 3614 732 3672 et
746 3622 784 3670 ex
800 3621 858 3670 sua
872 3605 980 3679 domo,
995 3618 1089 3684 quam
1105 3599 1215 3665 hahuit
1229 3598 1263 3662 in

171 3703 284 3786 platea
304 3703 412 3780 Vllllcl,
425 3705 521 3786 vulgo
535 3703 770 3786 Smepcrslrocle
785 3705 878 3778 dicta,
895 3703 1037 3768 fundavit
1052 3716 1150 3765 unum
1166 3697 1262 3764 colle-

172 3801 267 3884 gium
283 3802 344 3866 suh
359 3803 489 3868 nomine
504 3812 635 3880 sanctae
645 3803 768 3878 Annae,
782 3803 923 3868 fundatis
935 3802 968 3865 in
981 3818 1018 3866 eo
1035 3807 1161 3880 praeter
1172 3813 1262 3879 prae-

171 3900 349 3966 sidentiam
379 3901 488 3967 decern
515 3901 623 3966 bursis
649 3919 707 3983 pro
733 3902 926 3984 pauperihus
953 3898 1109 3966 studiosis
1135 3898 1175 3963 de
1201 3913 1261 3962 suo

172 3999 349 4081 sanguine,
367 4010 398 4064 et
412 3999 452 4065 iis
467 4000 704 4077 deficientibus,
718 4019 776 4082 pro
792 4000 1051 4074 Boviniensihus,
1065 3997 1260 4062 Namurcen·

172 4099 271 4166 sibus
305 4109 337 4164 et
369 4098 636 4174 lovaniensibus,
666 4099 843 4164 secundum
879 4106 1001 4164 certum
1030 4095 1261 4179 praescriptum

172 4198 338 4277 ordinem,
362 4197 478 4280 quihus
500 4197 637 4279 singulis
663 4197 838 4280 assignavit
860 4197 1030 4279 quotannis
1053 4194 1261 4278 quadraginta
