3014 4946
564 466 686 530 -ena
710 399 750 516 ..N
797 528 802 552 ,

122 628 299 710 magistrum
315 630 522 697 Franciscum
538 633 581 698 Le
596 633 709 707 Roulx,
729 633 939 713 Brugensem,
957 629 1197 710 capellanorum

122 725 217 792 dictae
232 729 390 795 ecclesiae
405 731 509 796 sancti
525 731 610 796 Petri
626 731 834 796 Lovaniensis
851 737 1063 810 receptorem,
1081 727 1199 808 magis·

122 834 197 892 trum
221 829 376 894 loannem
401 829 620 905 Schellelrcns,
646 830 765 912 jurium
791 829 1046 902 baccalaureum,
1071 826 1198 908 collegii

120 923 336 1004 Winckeli'ani,
361 936 393 993 et
415 929 601 1010 magistrum
625 929 828 1010 [ludolphum
852 926 978 990 Martini
994 925 1034 990 de
1057 925 1198 989 Wester-

121 1024 229 1100 hoven,
246 1043 340 1092 suum
357 1027 563 1104 confratrem,
581 1045 618 1092 ac
633 1029 760 1109 collegii
775 1026 953 1092 sabaudiae
968 1025 1001 1088 in
1023 1024 1106 1088 dicta
1122 1023 1198 1087 Uni-
1277 1037 1281 1052 ·

120 1123 264 1190 versitate
291 1125 481 1191 lovaniensi
507 1135 727 1207 receptorem;
756 1142 873 1207 rogans
900 1123 1044 1198 eosdem,
1074 1132 1106 1188 ut
1136 1119 1198 1187 hoc

120 1237 196 1286 onus
212 1223 395 1304 ingratiam
411 1225 631 1290 studiosorum
657 1225 824 1306 suscipere
838 1223 950 1298 velint,
967 1229 998 1286 et
1015 1219 1199 1302 hujusmodi
1221 1280 1223 1286 ,

119 1318 283 1402 collegium
299 1321 380 1390 infre
397 1339 513 1387 annum
529 1339 547 1386 a
563 1321 615 1388 die
626 1322 736 1400 obitus
751 1323 801 1387 sui
818 1322 951 1404 erigant.

157 1417 257 1499 Super
273 1420 401 1501 quibus,
419 1420 514 1486 etiam
530 1421 751 1502 praesentibus
767 1421 897 1488 Lovaoii
915 1422 946 1484 in
963 1422 1058 1485 domo
1075 1417 1198 1481 habita·

121 1514 212 1581 tionis
227 1518 304 1584 dicti
328 1520 450 1585 domini
473 1521 636 1585 testatoris
658 1520 691 1584 in
713 1521 861 1585 cubiculo
885 1521 1022 1602 quodam
1039 1515 1198 1598 superiori

120 1629 229 1681 versus
245 1617 375 1683 hortum
399 1617 596 1684 honorandis
618 1617 695 1684 viris
711 1619 850 1686 dominis
873 1629 904 1684 ct
928 1616 1088 1700 magistris
1104 1615 1198 1679 Petro

118 1710 242 1789 Peckio,
258 1714 294 1778 U.
308 1719 336 1777 J.
350 1716 493 1792 doctore,
508 1717 601 1794 Petro
613 1715 809 1792 Beeusardo,
823 1717 856 1780 in
872 1715 1039 1781 medicinis
1051 1713 1195 1788 doctore,

117 1810 152 1874 ll.
168 1813 288 1880 Mundo
300 1814 316 1878 J
320 1814 427 1890 unxio,
443 1815 649 1897 Trajectensi,
669 1816 803 1884 testibus
818 1816 858 1880 ed
871 1815 1047 1897 praemissa
1060 1810 1195 1886 vocatis,

117 1925 208 1988 anno,
226 1929 350 1989 mense,
368 1913 543 1980 indictione
555 1920 587 1980 et
603 1913 787 1994 pontificatu
804 1912 1024 1998 praescriptis,
1043 1920 1105 1978 etc.

456 2192 599 2258 Codicillc
620 2193 662 2256 du
684 2196 856 2256 testumeut.

560 2356 593 2411 lt
609 2357 659 2412 mai
673 2355 757 2416 1577.

156 2495 213 2563 bie
236 2513 314 2562 vero
330 2497 455 2562 decima
471 2513 555 2564 none
571 2497 692 2563 mensis
708 2497 781 2579 maji
796 2497 902 2563 dictus
918 2495 1070 2578 magister
1085 2493 1200 2558 Petrus

118 2593 285 2678 Brugelius
300 2596 474 2662 inserendo
489 2613 548 2679 per
562 2613 635 2664 eum
646 2597 782 2664 condito
796 2605 987 2662 testamento
1010 2594 1120 2674 illique
1142 2607 1200 2674 per

117 2694 245 2760 modum
261 2695 401 2760 codicilli
417 2695 565 2762 addendo
585 2695 755 2770 ordinavit,
774 2695 906 2760 mutarit
921 2711 958 2759 ec
974 2690 1145 2774 disposuit,
1167 2698 1201 2755 ut

116 2793 261 2874 sequitur
271 2811 278 2857 :
288 2793 424 2876 thuod
437 2794 465 2859 si
475 2811 514 2859 ex
526 2795 709 2860 venditione
721 2811 855 2860 suorum
867 2794 1025 2859 bonorum
1035 2789 1199 2856 mobilium

115 2900 145 2956 et
159 2893 232 2958 aliis
246 2893 315 2958 suis
328 2893 589 2960 excrescentibus
602 2895 697 2960 bonis
713 2902 847 2977 possent
861 2893 942 2975 erigi
958 2899 989 2958 et
1004 2889 1131 2956 landari
1143 2905 1200 2954 sex

113 2987 243 3068 bursae,
268 2993 441 3058 consentiit
456 3000 487 3058 et
502 2993 672 3067 ordinavit,
689 2994 775 3075 quod
792 3010 875 3059 unus
890 3009 929 3058 ex
950 2991 1020 3057 suis
1042 2986 1199 3054 burseriis

116 3089 155 3167 de
169 3091 327 3174 sanguine
338 3100 393 3157 eut
404 3092 595 3174 cognatione
607 3109 665 3157 sua
677 3093 791 3173 possit,
805 3093 833 3157 si
845 3092 931 3168 velit,
945 3090 1075 3156 studere
1087 3102 1199 3153 sacrae

116 3187 295 3271 theologiae
311 3198 365 3255 aut
377 3190 662 3272 jurisprudentiae.
680 3191 742 3256 Sed
757 3207 847 3266 casu,
865 3207 928 3272 quo
944 3203 1098 3254 numerus
1123 3201 1199 3250 suo·
1216 3179 1219 3185 ’

113 3303 182 3352 rum
205 3287 427 3354 burseriorum
450 3306 514 3354 non
537 3298 649 3372 posset
663 3289 774 3371 augeri
795 3289 835 3354 ed
858 3306 915 3355 sex
936 3285 1115 3360 bursarios,
1132 3283 1215 3348 rult'

113 3387 198 3467 quod
214 3402 329 3454 omnes
344 3396 480 3470 quatuor
501 3398 556 3454 aut
577 3388 718 3471 quinque
741 3388 935 3454 tenebuntur
955 3384 1134 3451 medicinae
1148 3382 1198 3447 vel

113 3483 338 3566 philosophiae
354 3486 497 3562 studere,
515 3486 595 3551 utin
611 3487 697 3552 dioto
713 3503 773 3552 suo
782 3493 975 3553 testamento
991 3486 1054 3549 hoc
1069 3480 1197 3547 ordina·

112 3581 167 3647 vit.
185 3583 266 3648 Item
285 3583 318 3647 in
334 3583 475 3649 levorem
491 3591 523 3650 et
535 3585 670 3666 gratiam
686 3585 830 3666 magistri
844 3582 1008 3649 Francisci
1023 3583 1065 3646 he
1080 3579 1196 3652 Roulx,

110 3681 162 3746 sui
188 3681 349 3764 pecularis
375 3681 469 3748 amici
495 3689 526 3748 et
552 3684 733 3750 executoris
759 3683 810 3749 sui
834 3681 1028 3758 testamenti,
1055 3677 1198 3744 nominet

112 3779 286 3863 Georgium
308 3789 363 3847 eut
384 3782 589 3848 Frarrciscum
612 3785 655 3849 Le
677 3783 792 3856 Roulx,
810 3781 894 3848 filios
911 3779 1053 3863 magistri
1069 3777 1198 3860 Georgii

109 3877 152 3946 Le
167 3880 274 3946 Roulx
285 3891 316 3947 et
328 3881 517 3948 domicellae
531 3881 647 3948 Mariae
662 3881 727 3948 Van
739 3881 872 3958 hchlen,
885 3877 1197 3952 Buscoducensium,

110 3981 207 4060 quem
229 3979 300 4060 ipse
326 3980 478 4062 magister
501 3980 689 4046 Francisous
711 3980 902 4062 judicaverit
924 3997 962 4045 cn
984 3978 1048 4042 illis
1070 3977 1197 4043 duobus

110 4077 214 4159 magis
237 4078 388 4144 idoneum
411 4079 642 4150 adfruendum
667 4097 728 4145 una
747 4098 785 4146 ex
808 4079 903 4144 dictis
926 4085 1062 4160 quatuor
1085 4075 1197 4157 primis
1309 4163 1314 4178 ,

107 4174 229 4242 bursis.
246 4177 349 4260 Super
363 4177 481 4260 quibus
495 4185 557 4244 eto.
