3100 4938
712 367 896 504 40,-

288 589 463 670 ,6010000
484 589 544 654 viri
561 605 685 656 summa
708 590 778 654 laus
796 606 804 652 :
822 589 903 654 adeo
924 596 1013 670 grata
1033 589 1173 658 donatus
1195 599 1264 668 erat
1284 593 1349 658 elo

259 687 389 772 quentia
407 695 438 751 nt
454 687 542 752 velut
556 705 590 749 os
605 704 733 750 curcum
756 703 813 752 seu
838 687 1072 767 ttlrpsostomcs
1094 689 1186 764 alter,
1203 690 1346 762 omniurn

246 785 311 854 ‚sui
330 784 399 850 aevi
423 784 686 850 concionatorum
703 784 904 864 coryphaeus
927 794 1021 865 atque
1040 786 1193 876 magister
1215 788 1348 862 habere·

176 945 178 948 ,
248 892 325 956 tur.
350 881 482 963 Magnae
506 881 645 956 virtutis,
673 882 787 956 comis,
815 882 954 948 decretis
981 892 1111 951 sanctae
1137 885 1225 976 sedis
1251 902 1348 972 super

259 979 493 1048 controversiis
523 979 618 1044 istius
644 979 799 1060 temporis
825 981 951 1046 tametsi
981 981 1117 1049 firmiter
1141 984 1347 1062 adhaereret,

260 1080 339 1145 nulli
356 1088 473 1154 tamen,
491 1079 566 1144 licot
580 1079 671 1143 aliter
687 1078 850 1154 sentienti,
868 1087 936 1144 erat
951 1080 1118 1158 inimicus;
1143 1082 1349 1166 singulariter

260 1178 293 1240 in
318 1177 479 1258 theologia
509 1177 623 1242 morali
648 1176 809 1242 excellens
839 1183 870 1242 et
896 1177 928 1240 in
955 1177 1091 1242 historia
1121 1189 1153 1246 et
1178 1181 1348 1262 disciplina

258 1275 480 1341 ecclesiastica
494 1274 581 1355 juxta
595 1283 753 1339 versatus.

302 1378 388 1448 Quae
414 1373 446 1436 in
473 1372 666 1438 lectionibus
693 1372 992 1464 sniscatecbeseos
1014 1373 1181 1455 docuerat,
1205 1392 1222 1445 a
1247 1385 1348 1442 morte

259 1471 364 1552 ipsius
380 1471 464 1536 edita
480 1480 555 1536 sunt
577 1471 637 1536 sub
654 1471 745 1536 titulo
764 1471 946 1552 Theolopicc
958 1475 1124 1554 practicae,
1137 1459 1161 1539 ‘5
1175 1475 1228 1539 vol
1244 1473 1345 1546 inda.

303 1569 545 1634 Desideraverat
570 1569 700 1649 sepeliri
726 1569 758 1632 in
785 1570 979 1636 coemeterio
1004 1571 1043 1635 ad
1069 1571 1176 1639 divum
1200 1574 1345 1650 Petrum;

184 1714 188 1721 .
258 1671 322 1745 001,
339 1677 453 1748 agente
476 1667 573 1732 fratre
588 1667 669 1750 ejus,
688 1675 818 1748 pastore
841 1667 971 1750 majoris
992 1669 1183 1762 begginagii,
1202 1673 1348 1754 sepultus

229 1851 234 1860 .
257 1773 311 1836 est
324 1765 413 1848 iuxta
428 1775 561 1832 matrem
577 1783 668 1831 suam
684 1767 717 1829 in
733 1767 867 1832 ecclesia
884 1767 986 1848 sancti
1002 1767 1142 1848 Quintini
1159 1771 1345 1859 parochiali,

258 1862 312 1932 cui
327 1863 498 1944 collegium
514 1863 725 1936 atrebatense
741 1864 882 1929 suberat.

300 2013 355 2078 ill.
381 2015 473 2090 1713,
492 2014 530 2078 16
538 2015 622 2096 julii,
640 2013 765 2079 electus
779 2030 818 2079 ex
834 2013 982 2094 praeside
1001 2015 1128 2097 collegii
1145 2016 1265 2093 1110001,
1282 2017 1346 2084 tac·

259 2121 313 2177 tus
328 2123 379 2180 est
394 2105 489 2194 hujus
504 2113 630 2194 collegii
648 2129 780 2194 praeses
800 2113 985 2177 Hnnuannus
1000 2115 1117 2191 Danau,
1134 2115 1344 2197 Tungrensls,

257 2224 372 2276 sacrae
394 2205 576 2292 theologiae
591 2211 704 2275 doctor
726 2210 766 2274 ab
780 2226 865 2274 anno
882 2210 956 2274 1691
983 2211 1069 2276 etad
1092 2211 1201 2278 divum
1216 2213 1345 2280 Petrum

258 2307 389 2373 lovanii
405 2310 558 2385 decanus,
575 2324 699 2374 necnon
722 2307 964 2390 privilegiorum
988 2309 1246 2376 academicorum
1269 2328 1347 2378 000-

256 2416 416 2472 servator.
431 2405 515 2471 Obiit
530 2407 564 2470 in
577 2407 715 2489 collegio
726 2407 929 2474 atrebatensi
944 2407 1340 2487 39001010101736,0010-

125 2578 138 2593 ·
258 2503 301 2568 tis
316 2503 370 2567 71ο
385 2520 480 2570 0000.
494 2503 573 2569 Vide
588 2521 699 2571 sacrae
714 2504 896 2586 theologiae
911 2505 1074 2571 doctores.

298 2603 392 2668 anno
410 2601 502 2678 1713,
519 2603 690 2689 collegium
705 2603 768 2668 hoc
782 2602 1006 2678 atrebatense,
1028 2603 1093 2686 jam
1115 2604 1344 2672 ducentenaria

242 2699 555 2879 {lmzjnbllaria
579 2701 755 2784 iubilaeum
781 2700 954 2815 celebravit
976 2709 1008 2767 et
1029 2702 1129 2768 edidit
1156 2705 1346 2771 ConthVll

298 2947 367 3012 llll.
392 2947 485 3026 1730,
500 2948 627 3013 Nemus
651 2948 695 3013 bu
710 2949 793 3024 Burs,
811 2965 850 3018 ex
871 2947 920 3038 my
935 2947 968 3012 iu
983 2965 1062 3033 agro
1078 2951 1286 3031 Durbuteusi,
1305 2952 1343 3029 ab

230 3059 343 3132 Ι0000
369 3044 449 3108 atat
475 3061 586 3110 sacrae
612 3046 794 3128 theologiae
819 3047 945 3122 doctor,
972 3063 1012 3112 ex
1038 3048 1188 3131 praeside
1217 3049 1343 3142 collegii

257 3141 441 3218 Houterlaei
456 3143 492 3208 fit
506 3143 601 3224 hujus
616 3143 837 3210 atrebatensis
852 3161 1003 3226 praeses;
1020 3162 1060 3211 ex
1074 3163 1138 3228 quo
1152 3147 1256 3216 iactus
1271 3145 1343 3214 dein

254 3254 341 3308 anno
353 3240 434 3304 1736
449 3241 576 3324 collegii
588 3240 720 3322 majoris
732 3236 876 3327 praeses.
890 3240 975 3306 Obiit
986 3242 1104 3308 ibidem
1119 3232 1357 3333 1770161757,

154 3329 156 3332 ’
255 3338 370 3410 aetatis
387 3339 425 3402 70
441 3355 609 3416 annorum,
626 3337 779 3407 diuturna
798 3339 870 3406 tabe
889 3349 1102 3422 consumptus
1124 3348 1156 3409 et
1177 3343 1344 3426 hydropisi

254 3452 446 3525 oppressus.
462 3438 539 3504 tlide
554 3453 666 3504 sacrae
681 3437 862 3520 theologiae
876 3439 1041 3505 doctores.

296 3585 380 3650 Xlll.
405 3587 498 3664 1736,
515 3587 554 3652 18
578 3587 760 3664 nunciabis,
777 3585 953 3651 Lausonius
969 3587 1014 3650 lin
1029 3585 1173 3666 innurrn,
1190 3588 1340 3666 liuensis,

255 3684 381 3750 clectus
396 3693 446 3751 001
460 3703 500 3752 ex
514 3683 736 3766 vicepraeside
747 3686 874 3768 collegii
890 3685 1020 3768 majoris
1037 3685 1262 3768 theologorum
1278 3687 1343 3753 col
1366 3700 1368 3704 ’

255 3781 330 3862 legii
342 3783 437 3864 huius
448 3784 671 3850 atrebatensis
684 3801 833 3864 praeses;
848 3800 960 3849 sacrae
976 3783 1158 3866 theologiae
1171 3783 1286 3850 doctor
1303 3783 1341 3848 ab

254 3894 340 3945 anno
356 3881 436 3944 1733
452 3883 665 3948 renuntiatus.
683 3881 767 3946 Obiit
782 3881 923 3958 Lemnii,
940 3881 980 3944 13
992 3881 1130 3962 Januarii
1145 3881 1238 3957 1763,
1258 3891 1341 3948 aeta-

255 3976 297 4041 tls
312 3977 535 4045 sturnorum.
553 3980 630 4046 Vide
646 3996 758 4045 sacrae
773 3979 953 4060 theologiae
969 3979 1134 4044 doctores.

296 4125 376 4190 xlv.
392 4126 483 4204 1753,
497 4143 536 4192 ex
551 4127 699 4214 praeside
711 4127 839 4213 collegii
851 4126 986 4192 minoris
1003 4127 1226 4216 theologorum
1239 4086 1340 4200 tactus

252 4229 303 4291 est
324 4223 422 4306 hujus
439 4225 566 4308 collegii
582 4240 713 4307 praeses
735 4227 908 4292 Sanananus
930 4229 1094 4292 Doutltlcus
1116 4226 1162 4290 lia
1184 4227 1341 4298 1000000..
