3058 4952
755 430 876 494 -tet
899 463 941 474 -ν

212 578 213 582 “
309 618 338 661 nv
363 615 523 662 nunusrns.
549 595 688 675 insignia
713 614 720 659 ;
744 596 781 658 de
802 594 920 676 6166616
941 613 982 660 66
1004 593 1067 658 lion
1087 594 1152 656 d’or
1173 596 1193 656 d
1214 611 1257 656 un
1278 592 1385 666 tretllv's

311 698 449 777 d'orpcnt
463 713 517 758 scr
531 695 559 758 lc
573 699 647 757 tout.

351 843 399 906 lv.
416 845 576 906 Enuunous
588 841 710 917 Rsrttv,
725 839 930 905 Dublinensis
942 839 1052 904 itidem
1066 839 1240 914 Hibernus;
1256 855 1385 919 praeses

309 942 405 1023 huJ’us
421 941 547 1022 collegii
564 940 666 1004 reddit
683 940 819 1019 primum
841 955 934 1002 suurn
956 946 1139 1017 computum
1163 937 1182 1001 8
1200 935 1271 1018 iulii
1294 937 1384 1013 1636,

309 1042 421 1121 itaquo
437 1039 470 1103 lit
494 1040 611 1104 mentio
634 1039 674 1103 de
698 1038 826 1119 antiquo
842 1037 990 1118 collegio.
1008 1036 1222 1100 lnventarium
1245 1037 1384 1101 omnium

311 1139 577 1203 documentorum
593 1135 754 1200 invenitur
770 1152 877 1199 coram
899 1135 1094 1199 Berckmans
1109 1133 1148 1196 61
1162 1133 1275 1213 'aprilis
1291 1133 1387 1209 163“1;

313 1236 396 1300 unde
412 1243 477 1299 tum
500 1233 746 1314 praesidentiam
761 1233 886 1297 videtur
907 1233 1105 1308 deseruisse,
1122 1232 1172 1296 vel
1195 1232 1329 1296 obiisse.
1346 1233 1388 1298 lta

313 1336 385 1398 an.
442 1356 445 1362 ·

354 1433 500 1501 «Postea
529 1430 748 1494 Armacbanus
777 1430 947 1510 episcopus
973 1447 1076 1509 eoque
1103 1430 1193 1494 titulo
1220 1429 1389 1496 Hiberniae

312 1530 440 1610 primas.
457 1553 474 1588 »
494 1529 538 1592 lta
553 1529 677 1598 Ptouur.
692 1528 818 1593 Videsis
833 1529 900 1592 Nic,
918 1529 1049 1602 Faenus,
1063 1529 1227 1592 Historicol
1242 1528 1386 1606 16611661,

314 1647 344 1710 p.
364 1627 514 1692 xxxvn.

353 1778 387 1841 V.
406 1777 567 1840 Ennunuus
585 1776 711 1850 66666,
736 1776 907 1851 Hibernus,
932 1785 1127 1841 memoratur
1151 1785 1182 1841 61
1206 1793 1337 1856 praeses
1358 1778 1388 1840 in

313 1878 418 1940 Fastis
447 1875 639 1950 academicis,
676 1892 706 1954 6.
738 1875 809 1938 101.
839 1875 941 1955 Apud·
963 1876 1157 1940 Berckmans
1191 1885 1324 1948 vocatur
1352 1877 1388 1940 ad

315 1975 353 2036 67
376 1974 486 2054 aprilis
513 1965 1141 2055 163161666666161616666666666,
1166 1974 1389 2039 verosimiliter

315 2082 391 2137 1666
419 2080 607 2152 surrogatus
633 2070 800 2135 Edmundo
829 2071 942 2152 Reilly.
970 2071 1085 2136 Factus
1115 2081 1226 2152 postea
1252 2073 1388 2138 vicarius

315 2170 476 2252 generatis
491 2169 725 2250 archiepiscopi
741 2170 945 2236 Dublinensis
961 2171 994 2234 in
1012 2171 1174 2236 Hibernia.

357 2318 406 2381 Vl.
431 2317 513 2380 llueo
536 2315 770 2380 6666666166.
797 2339 814 2374 «
831 2317 895 2381 Sub
918 2317 1031 2381 horum
1055 2317 1218 2399 regimine,
1246 2319 1331 2400 quud
1352 2336 1390 2380 xn

317 2423 437 2481 tantum
452 2432 607 2479 annorum
624 2416 691 2488 tuit,
711 2431 763 2478 166
783 2413 909 2495 collegii
931 2415 972 2479 ob
996 2415 1177 2495 praesidum
1194 2415 1388 2496 frequentem

316 2514 502 2587 absentiam,
520 2521 614 2593 atque
633 2513 712 2577 adeo
735 2513 840 2577 minus
862 2521 1001 2576 curatam
1023 2514 1343 2588 administrationem,
1359 2514 1389 2576 in

320 2612 409 2693 pejus
425 2612 627 2687 labebantur;
651 2628 787 2692 cumque
802 2611 885 2676 idem
909 2611 1078 2692 collegium
1100 2613 1139 2675 ad
1155 2629 1265 2676 curam
1281 2629 1387 2678 666166

316 2710 574 2792 congregationis
603 2712 640 2774 dc
661 2716 861 2792 6666666666
888 2711 947 2783 lide
975 2712 1133 2790 pertinere
1162 2711 1269 2792 aliquo
1300 2712 1389 2777 modo

316 2809 488 2883 videretur,
513 2809 700 2873 auctoritate
723 2809 908 2888 apostolica,
928 2808 1045 2888 utiam
1069 2826 1164 2888 supra
1188 2809 1386 2882 dictumest,

317 2925 372 2987 per
387 2906 883 2988 illustrissimumiurisdictionis
906 2907 1085 2986 pontificiae
1108 2907 1138 2970 in
1164 2908 1273 2988 Belgio
1294 2908 1389 2972 admi-

315 3005 517 3070 nistratorem
533 3005 725 3069 Richardum
741 3004 829 3068 Pauli
846 3004 1003 3069 Stravium
1018 3005 1037 3068 3
1053 3005 1156 3069 martii
1172 3005 1252 3069 1656
1275 3007 1388 3071 666611-

315 3103 392 3169 tutis
413 3105 489 3168 dicti
511 3104 636 3185 collegii
659 3103 881 3185 provisoribus
902 3104 1023 3168 loannc
1045 3105 1260 3183 Schinckelio,
1283 3122 1389 3171 sacrae

317 3203 507 3283 theologiae,
525 3212 557 3266 61
580 3201 699 3267 Jacobo
719 3203 897 3276 Santvoert,
913 3201 995 3282 juris
1016 3203 1181 3284 utriusque
1207 3204 1388 3269 doctoribus

287 3367 288 3372 ,
315 3317 351 3364 66
378 3301 627 3379 professoribus,
652 3316 753 3364 novus
775 3299 883 3364 itidem
906 3300 925 3363 6
948 3301 1139 3379 septembris
1161 3301 1240 3366 1638
1263 3319 1387 3383 praeses

313 3399 507 3462 constitutus
523 3406 571 3462 est
586 3397 760 3463 Matthaeus
775 3397 904 3478 Tbeige.
919 3420 935 3456 6
952 3397 996 3462 116
1011 3399 1138 3469 616661.

355 3544 421 3607 Vll.
446 3545 622 3608 1111161666
648 3545 772 3618 Tarius,
799 3545 965 3620 [libemus.
994 3562 1078 3610 anno
1104 3545 1184 3611 1666
1211 3543 1387 3614 in'artibus

313 3651 457 3715 octavus,
475 3658 586 3708 sacrae
602 3643 781 3723 theologiae
797 3643 1023 3708 baccalaureus
1036 3643 1202 3719 16166166,
1217 3661 1385 3726 congrega-

314 3739 433 3804 tionem
449 3737 584 3803 Oratorii
608 3739 736 3804 lovanii
760 3740 926 3820 ingressus
948 3756 1032 3805 anno
1059 3739 1148 3816 1650,
1167 3758 1298 3822 praeses
1314 3759 1384 3808 con-

311 3836 442 3902 stitutus
470 3846 520 3902 est
548 3854 633 3904 anno
663 3836 758 3912 1638,
790 3838 966 3918 eodemque
995 3854 1091 3912 anno,
1124 3839 1162 3902 63
1193 3840 1382 3912 novembris,

315 3944 442 4000 creatur
457 3953 567 4001 sacrae
590 3937 768 4017 theologiae
788 3936 911 4001 doctor.
930 3934 1013 4001 Obiit
1029 3938 1060 4000 in
1076 3955 1136 4002 suo
1151 3939 1287 4021 collegio
1302 3940 1321 4002 9
1335 3955 1386 4004 no·

314 4034 453 4099 vembris
476 4038 549 4112 (non
571 4034 761 4112 decembris)
785 4034 880 4108 1666;
905 4036 1050 4115 66661166
1072 4036 1105 4098 in
1127 4035 1191 4102 divi
1214 4037 1298 4104 Petri
1319 4054 1385 4104 eum

304 4133 486 4215 epitaphio.
