<?xml version="1.0" encoding="UTF-8"?>
<!DOCTYPE html PUBLIC "-//W3C//DTD XHTML 1.0 Transitional//EN"
    "http://www.w3.org/TR/xhtml1/DTD/xhtml1-transitional.dtd">
<html xmlns="http://www.w3.org/1999/xhtml" xml:lang="en" lang="en">
 <head>
  <title>
</title>
<meta http-equiv="Content-Type" content="text/html;charset=utf-8" />
  <meta name='ocr-system' content='tesseract 3.04.00' />
  <meta name='ocr-capabilities' content='ocr_page ocr_carea ocr_par ocr_line ocrx_word'/>
</head>
<body>
  <div class='ocr_page' id='page_1' title='image "./documentsrelati02reusgoog_0317.png"; bbox 0 0 3014 4946; ppageno 0'>
   <div class='ocr_carea' id='block_1_1' title="bbox 718 461 903 524">
    <p class='ocr_par' dir='ltr' id='par_1_1' title="bbox 718 461 903 524">
     <span class='ocr_line' id='line_1_1' title="bbox 718 461 903 524; baseline 0.005 -1"><span class='ocrx_word' id='word_1_1' title='bbox 718 461 903 524; x_wconf 79' lang='lat' dir='ltr'>-alo-</span> 
     </span>
    </p>
   </div>
   <div class='ocr_carea' id='block_1_2' title="bbox 268 623 1356 1280">
    <p class='ocr_par' dir='ltr' id='par_1_2' title="bbox 269 623 1354 804">
     <span class='ocr_line' id='line_1_2' title="bbox 269 623 1354 705; baseline 0.006 -21"><span class='ocrx_word' id='word_1_2' title='bbox 269 623 319 686; x_wconf 90' lang='lat' dir='ltr'>W.</span> <span class='ocrx_word' id='word_1_3' title='bbox 341 623 380 688; x_wconf 91' lang='lat' dir='ltr'>de</span> <span class='ocrx_word' id='word_1_4' title='bbox 403 623 525 700; x_wconf 80' lang='lat' dir='ltr'>llersel,</span> <span class='ocrx_word' id='word_1_5' title='bbox 554 631 585 689; x_wconf 93' lang='lat' dir='ltr'>et</span> <span class='ocrx_word' id='word_1_6' title='bbox 610 625 702 705; x_wconf 85' lang='lat' dir='ltr'>cujus</span> <span class='ocrx_word' id='word_1_7' title='bbox 726 625 800 690; x_wconf 91' lang='lat' dir='ltr'>dein</span> <span class='ocrx_word' id='word_1_8' title='bbox 827 626 864 689; x_wconf 89' lang='lat' dir='ltr'>lo</span> <span class='ocrx_word' id='word_1_9' title='bbox 887 627 1029 692; x_wconf 79' lang='lat' dir='ltr'>octobris</span> <span class='ocrx_word' id='word_1_10' title='bbox 1056 627 1136 690; x_wconf 78' lang='lat' dir='ltr'>loll</span> <span class='ocrx_word' id='word_1_11' title='bbox 1163 635 1354 692; x_wconf 80' lang='lat' dir='ltr'>executores</span> 
     </span>
     <span class='ocr_line' id='line_1_3' title="bbox 269 722 1081 804; baseline 0.006 -20"><span class='ocrx_word' id='word_1_12' title='bbox 269 722 454 797; x_wconf 85' lang='lat' dir='ltr'>nominarit,</span> <span class='ocrx_word' id='word_1_13' title='bbox 471 723 641 804; x_wconf 81' lang='lat' dir='ltr'>collegium</span> <span class='ocrx_word' id='word_1_14' title='bbox 658 724 690 787; x_wconf 92' lang='lat' dir='ltr'>in</span> <span class='ocrx_word' id='word_1_15' title='bbox 707 724 786 788; x_wconf 89' lang='lat' dir='ltr'>haec</span> <span class='ocrx_word' id='word_1_16' title='bbox 801 726 897 790; x_wconf 87' lang='lat' dir='ltr'>verba</span> <span class='ocrx_word' id='word_1_17' title='bbox 914 725 1056 790; x_wconf 83' lang='lat' dir='ltr'>fundavit</span> <span class='ocrx_word' id='word_1_18' title='bbox 1075 744 1081 789; x_wconf 95' lang='lat'>:</span> 
     </span>
    </p>

    <p class='ocr_par' dir='ltr' id='par_1_3' title="bbox 268 821 1356 1280">
     <span class='ocr_line' id='line_1_4' title="bbox 310 821 1354 890; baseline 0.009 -13"><span class='ocrx_word' id='word_1_19' title='bbox 310 821 457 885; x_wconf 88' lang='lat' dir='ltr'>«Volens</span> <span class='ocrx_word' id='word_1_20' title='bbox 473 829 504 886; x_wconf 93' lang='lat' dir='ltr'>et</span> <span class='ocrx_word' id='word_1_21' title='bbox 523 821 712 887; x_wconf 89' lang='lat' dir='ltr'>desiderans</span> <span class='ocrx_word' id='word_1_22' title='bbox 734 823 774 887; x_wconf 89' lang='lat' dir='ltr'>de</span> <span class='ocrx_word' id='word_1_23' title='bbox 797 824 892 888; x_wconf 92' lang='lat' dir='ltr'>bonis</span> <span class='ocrx_word' id='word_1_24' title='bbox 909 825 986 887; x_wconf 93' lang='lat' dir='ltr'>mibi</span> <span class='ocrx_word' id='word_1_25' title='bbox 1009 841 1025 888; x_wconf 89' lang='lat' dir='ltr'>a</span> <span class='ocrx_word' id='word_1_26' title='bbox 1049 827 1114 890; x_wconf 88' lang='lat' dir='ltr'>Deo</span> <span class='ocrx_word' id='word_1_27' title='bbox 1137 824 1304 890; x_wconf 81' lang='lat' dir='ltr'>concessis</span> <span class='ocrx_word' id='word_1_28' title='bbox 1319 825 1354 887; x_wconf 94' lang='lat' dir='ltr'>in</span> 
     </span>
     <span class='ocr_line' id='line_1_5' title="bbox 268 919 1353 1004; baseline 0.003 -22"><span class='ocrx_word' id='word_1_29' title='bbox 268 919 329 984; x_wconf 90' lang='lat' dir='ltr'>boc</span> <span class='ocrx_word' id='word_1_30' title='bbox 356 921 485 985; x_wconf 90' lang='lat' dir='ltr'>saeculo</span> <span class='ocrx_word' id='word_1_31' title='bbox 510 922 543 982; x_wconf 91' lang='lat' dir='ltr'>iu</span> <span class='ocrx_word' id='word_1_32' title='bbox 570 937 681 985; x_wconf 90' lang='lat' dir='ltr'>verum</span> <span class='ocrx_word' id='word_1_33' title='bbox 713 939 805 985; x_wconf 92' lang='lat' dir='ltr'>usum</span> <span class='ocrx_word' id='word_1_34' title='bbox 836 929 866 986; x_wconf 84' lang='lat' dir='ltr'>et</span> <span class='ocrx_word' id='word_1_35' title='bbox 895 923 1133 1003; x_wconf 80' lang='lat' dir='ltr'>eleemosynam</span> <span class='ocrx_word' id='word_1_36' title='bbox 1165 939 1353 1004; x_wconf 90' lang='lat' dir='ltr'>pauperum,</span> 
     </span>
     <span class='ocr_line' id='line_1_6' title="bbox 269 1017 1356 1102; baseline 0.005 -21"><span class='ocrx_word' id='word_1_37' title='bbox 269 1017 403 1082; x_wconf 89' lang='lat' dir='ltr'>maxime</span> <span class='ocrx_word' id='word_1_38' title='bbox 422 1018 455 1080; x_wconf 91' lang='lat' dir='ltr'>in</span> <span class='ocrx_word' id='word_1_39' title='bbox 477 1019 641 1099; x_wconf 81' lang='lat' dir='ltr'>republica</span> <span class='ocrx_word' id='word_1_40' title='bbox 664 1020 839 1084; x_wconf 87' lang='lat' dir='ltr'>christiana</span> <span class='ocrx_word' id='word_1_41' title='bbox 856 1022 1091 1102; x_wconf 83' lang='lat' dir='ltr'>proficientium</span> <span class='ocrx_word' id='word_1_42' title='bbox 1108 1029 1138 1087; x_wconf 89' lang='lat' dir='ltr'>et</span> <span class='ocrx_word' id='word_1_43' title='bbox 1154 1023 1356 1086; x_wconf 89' lang='lat' dir='ltr'>laboraturo-</span> 
     </span>
     <span class='ocr_line' id='line_1_7' title="bbox 269 1120 1356 1280; baseline 0.005 -101"><span class='ocrx_word' id='word_1_44' title='bbox 269 1133 350 1191; x_wconf 92' lang='lat' dir='ltr'>rum,</span> <span class='ocrx_word' id='word_1_45' title='bbox 363 1134 427 1280; x_wconf 45' lang='lat' dir='ltr'>P)</span> <span class='ocrx_word' id='word_1_46' title='bbox 445 1135 540 1198; x_wconf 89' lang='lat' dir='ltr'>posse</span> <span class='ocrx_word' id='word_1_47' title='bbox 560 1135 630 1182; x_wconf 90' lang='lat' dir='ltr'>meo</span> <span class='ocrx_word' id='word_1_48' title='bbox 646 1120 857 1194; x_wconf 85' lang='lat' dir='ltr'>fructuosum,</span> <span class='ocrx_word' id='word_1_49' title='bbox 877 1120 965 1194; x_wconf 90' lang='lat' dir='ltr'>utile,</span> <span class='ocrx_word' id='word_1_50' title='bbox 983 1122 1127 1186; x_wconf 79' lang='lat' dir='ltr'>durabile</span> <span class='ocrx_word' id='word_1_51' title='bbox 1148 1129 1178 1185; x_wconf 92' lang='lat' dir='ltr'>et</span> <span class='ocrx_word' id='word_1_52' title='bbox 1200 1128 1356 1202; x_wconf 90' lang='lat' dir='ltr'>perpetuo</span> 
     </span>
    </p>
   </div>
   <div class='ocr_carea' id='block_1_3' title="bbox 269 1216 1358 1596">
    <p class='ocr_par' dir='ltr' id='par_1_4' title="bbox 269 1216 1358 1596">
     <span class='ocr_line' id='line_1_8' title="bbox 269 1216 1354 1300; baseline 0.003 -22"><span class='ocrx_word' id='word_1_53' title='bbox 269 1232 359 1281; x_wconf 89' lang='lat' dir='ltr'>mans</span> <span class='ocrx_word' id='word_1_54' title='bbox 384 1233 451 1280; x_wconf 91' lang='lat' dir='ltr'>rum</span> <span class='ocrx_word' id='word_1_55' title='bbox 468 1216 591 1298; x_wconf 88' lang='lat' dir='ltr'>erigere</span> <span class='ocrx_word' id='word_1_56' title='bbox 613 1217 796 1298; x_wconf 84' lang='lat' dir='ltr'>collegium,</span> <span class='ocrx_word' id='word_1_57' title='bbox 814 1236 850 1283; x_wconf 92' lang='lat' dir='ltr'>ac</span> <span class='ocrx_word' id='word_1_58' title='bbox 874 1221 959 1300; x_wconf 87' lang='lat' dir='ltr'>quod</span> <span class='ocrx_word' id='word_1_59' title='bbox 982 1221 1139 1286; x_wconf 90' lang='lat' dir='ltr'>hactenus</span> <span class='ocrx_word' id='word_1_60' title='bbox 1161 1219 1297 1294; x_wconf 90' lang='lat' dir='ltr'>intendi,</span> <span class='ocrx_word' id='word_1_61' title='bbox 1314 1219 1354 1282; x_wconf 90' lang='lat' dir='ltr'>ad</span> 
     </span>
     <span class='ocr_line' id='line_1_9' title="bbox 269 1314 1354 1397; baseline 0.002 -19"><span class='ocrx_word' id='word_1_62' title='bbox 269 1314 417 1379; x_wconf 86' lang='lat' dir='ltr'>effectum</span> <span class='ocrx_word' id='word_1_63' title='bbox 433 1316 593 1381; x_wconf 84' lang='lat' dir='ltr'>deducere</span> <span class='ocrx_word' id='word_1_64' title='bbox 609 1317 794 1392; x_wconf 90' lang='lat' dir='ltr'>salutarem,</span> <span class='ocrx_word' id='word_1_65' title='bbox 808 1318 939 1382; x_wconf 91' lang='lat' dir='ltr'>domum</span> <span class='ocrx_word' id='word_1_66' title='bbox 951 1336 1055 1384; x_wconf 89' lang='lat' dir='ltr'>meam</span> <span class='ocrx_word' id='word_1_67' title='bbox 1070 1321 1102 1383; x_wconf 92' lang='lat' dir='ltr'>in</span> <span class='ocrx_word' id='word_1_68' title='bbox 1117 1320 1304 1397; x_wconf 82' lang='lat' dir='ltr'>Smepstruet</span> <span class='ocrx_word' id='word_1_69' title='bbox 1316 1318 1354 1396; x_wconf 78' lang='lat' dir='ltr'>(l)</span> 
     </span>
     <span class='ocr_line' id='line_1_10' title="bbox 269 1415 1356 1498; baseline 0.003 -21"><span class='ocrx_word' id='word_1_70' title='bbox 269 1430 341 1477; x_wconf 92' lang='lat' dir='ltr'>cum</span> <span class='ocrx_word' id='word_1_71' title='bbox 354 1415 422 1478; x_wconf 90' lang='lat' dir='ltr'>suis</span> <span class='ocrx_word' id='word_1_72' title='bbox 434 1415 777 1497; x_wconf 74' lang='lat' dir='ltr'>pertinentiisllegolin</span> <span class='ocrx_word' id='word_1_73' title='bbox 790 1434 883 1482; x_wconf 91' lang='lat' dir='ltr'>usum</span> <span class='ocrx_word' id='word_1_74' title='bbox 896 1427 927 1482; x_wconf 92' lang='lat' dir='ltr'>et</span> <span class='ocrx_word' id='word_1_75' title='bbox 939 1419 978 1482; x_wconf 92' lang='lat' dir='ltr'>ad</span> <span class='ocrx_word' id='word_1_76' title='bbox 992 1419 1157 1483; x_wconf 89' lang='lat' dir='ltr'>utilitatem</span> <span class='ocrx_word' id='word_1_77' title='bbox 1170 1417 1259 1482; x_wconf 90' lang='lat' dir='ltr'>acad</span> <span class='ocrx_word' id='word_1_78' title='bbox 1273 1434 1356 1498; x_wconf 93' lang='lat' dir='ltr'>opus</span> 
     </span>
     <span class='ocr_line' id='line_1_11' title="bbox 269 1513 1358 1596; baseline 0.003 -20"><span class='ocrx_word' id='word_1_79' title='bbox 269 1521 406 1591; x_wconf 85' lang='lat' dir='ltr'>quatuor</span> <span class='ocrx_word' id='word_1_80' title='bbox 421 1513 643 1578; x_wconf 90' lang='lat' dir='ltr'>bursariorum</span> <span class='ocrx_word' id='word_1_81' title='bbox 660 1531 732 1579; x_wconf 91' lang='lat' dir='ltr'>cum</span> <span class='ocrx_word' id='word_1_82' title='bbox 751 1532 813 1579; x_wconf 91' lang='lat' dir='ltr'>uno</span> <span class='ocrx_word' id='word_1_83' title='bbox 837 1516 985 1596; x_wconf 81' lang='lat' dir='ltr'>praeside</span> <span class='ocrx_word' id='word_1_84' title='bbox 1005 1517 1039 1596; x_wconf 88' lang='lat' dir='ltr'>in</span> <span class='ocrx_word' id='word_1_85' title='bbox 1061 1519 1121 1582; x_wconf 91' lang='lat' dir='ltr'>hac</span> <span class='ocrx_word' id='word_1_86' title='bbox 1142 1515 1358 1580; x_wconf 89' lang='lat' dir='ltr'>Universitate</span> 
     </span>
    </p>
   </div>
   <div class='ocr_carea' id='block_1_4' title="bbox 151 1601 1355 1696">
    <p class='ocr_par' dir='ltr' id='par_1_5' title="bbox 151 1601 1355 1696">
     <span class='ocr_line' id='line_1_12' title="bbox 151 1601 1355 1696; baseline 0.002 -23"><span class='ocrx_word' id='word_1_87' title='bbox 151 1685 153 1689; x_wconf 23' lang='lat'>¹</span> <span class='ocrx_word' id='word_1_88' title='bbox 269 1611 459 1676; x_wconf 79' lang='lat' dir='ltr'>lovaniensi</span> <span class='ocrx_word' id='word_1_89' title='bbox 477 1613 692 1688; x_wconf 83' lang='lat' dir='ltr'>studentium3</span> <span class='ocrx_word' id='word_1_90' title='bbox 718 1614 757 1677; x_wconf 86' lang='lat' dir='ltr'>ad</span> <span class='ocrx_word' id='word_1_91' title='bbox 781 1631 863 1694; x_wconf 86' lang='lat' dir='ltr'>quos</span> <span class='ocrx_word' id='word_1_92' title='bbox 886 1601 1032 1696; x_wconf 90' lang='lat' dir='ltr'>relinquo</span> <span class='ocrx_word' id='word_1_93' title='bbox 1049 1616 1206 1680; x_wconf 91' lang='lat' dir='ltr'>ducentos</span> <span class='ocrx_word' id='word_1_94' title='bbox 1223 1613 1355 1678; x_wconf 81' lang='lat' dir='ltr'>carolos</span> 
     </span>
    </p>
   </div>
   <div class='ocr_carea' id='block_1_5' title="bbox 179 1711 1413 3668">
    <p class='ocr_par' dir='ltr' id='par_1_6' title="bbox 179 1711 1356 2087">
     <span class='ocr_line' id='line_1_13' title="bbox 269 1711 1356 1792; baseline 0 -18"><span class='ocrx_word' id='word_1_95' title='bbox 269 1727 325 1774; x_wconf 93' lang='lat' dir='ltr'>seu</span> <span class='ocrx_word' id='word_1_96' title='bbox 356 1711 542 1786; x_wconf 73' lang='lat' dir='ltr'>barenses,</span> <span class='ocrx_word' id='word_1_97' title='bbox 574 1713 748 1792; x_wconf 85' lang='lat' dir='ltr'>quemlibet</span> <span class='ocrx_word' id='word_1_98' title='bbox 776 1731 816 1775; x_wconf 83' lang='lat' dir='ltr'>xx</span> <span class='ocrx_word' id='word_1_99' title='bbox 854 1713 1048 1778; x_wconf 87' lang='lat' dir='ltr'>stuferorum</span> <span class='ocrx_word' id='word_1_100' title='bbox 1079 1713 1286 1789; x_wconf 76' lang='lat' dir='ltr'>brabantiae,</span> <span class='ocrx_word' id='word_1_101' title='bbox 1318 1729 1356 1776; x_wconf 83' lang='lat' dir='ltr'>ex</span> 
     </span>
     <span class='ocr_line' id='line_1_14' title="bbox 179 1809 1356 1896; baseline 0.004 -27"><span class='ocrx_word' id='word_1_102' title='bbox 179 1886 181 1896; x_wconf 67' lang='lat'>,</span> <span class='ocrx_word' id='word_1_103' title='bbox 269 1809 520 1889; x_wconf 83' lang='lat' dir='ltr'>promptioribus</span> <span class='ocrx_word' id='word_1_104' title='bbox 547 1817 578 1874; x_wconf 89' lang='lat' dir='ltr'>et</span> <span class='ocrx_word' id='word_1_105' title='bbox 610 1810 811 1890; x_wconf 89' lang='lat' dir='ltr'>gravioribus</span> <span class='ocrx_word' id='word_1_106' title='bbox 844 1812 924 1876; x_wconf 89' lang='lat' dir='ltr'>meis</span> <span class='ocrx_word' id='word_1_107' title='bbox 951 1812 1129 1877; x_wconf 74' lang='lat' dir='ltr'>redditibus</span> <span class='ocrx_word' id='word_1_108' title='bbox 1163 1811 1356 1891; x_wconf 87' lang='lat' dir='ltr'>ubicumque</span> 
     </span>
     <span class='ocr_line' id='line_1_15' title="bbox 269 1907 1353 1990; baseline 0.001 -20"><span class='ocrx_word' id='word_1_109' title='bbox 269 1907 357 1984; x_wconf 88' lang='lat' dir='ltr'>sitis;</span> <span class='ocrx_word' id='word_1_110' title='bbox 376 1908 442 1988; x_wconf 86' lang='lat' dir='ltr'>qui,</span> <span class='ocrx_word' id='word_1_111' title='bbox 457 1908 484 1972; x_wconf 93' lang='lat' dir='ltr'>si</span> <span class='ocrx_word' id='word_1_112' title='bbox 500 1908 715 1989; x_wconf 88' lang='lat' dir='ltr'>dequitentur,</span> <span class='ocrx_word' id='word_1_113' title='bbox 730 1909 846 1974; x_wconf 86' lang='lat' dir='ltr'>ilerum</span> <span class='ocrx_word' id='word_1_114' title='bbox 859 1910 973 1975; x_wconf 91' lang='lat' dir='ltr'>eodem</span> <span class='ocrx_word' id='word_1_115' title='bbox 986 1911 1080 1975; x_wconf 91' lang='lat' dir='ltr'>modo</span> <span class='ocrx_word' id='word_1_116' title='bbox 1094 1917 1148 1974; x_wconf 91' lang='lat' dir='ltr'>aut</span> <span class='ocrx_word' id='word_1_117' title='bbox 1160 1909 1267 1990; x_wconf 89' lang='lat' dir='ltr'>potius</span> <span class='ocrx_word' id='word_1_118' title='bbox 1283 1925 1353 1989; x_wconf 91' lang='lat' dir='ltr'>gra-</span> 
     </span>
     <span class='ocr_line' id='line_1_16' title="bbox 271 2005 762 2087; baseline -0.004 -19"><span class='ocrx_word' id='word_1_119' title='bbox 271 2005 352 2070; x_wconf 87' lang='lat' dir='ltr'>viori</span> <span class='ocrx_word' id='word_1_120' title='bbox 368 2005 500 2070; x_wconf 88' lang='lat' dir='ltr'>denario</span> <span class='ocrx_word' id='word_1_121' title='bbox 517 2007 730 2087; x_wconf 83' lang='lat' dir='ltr'>applicentur.</span> <span class='ocrx_word' id='word_1_122' title='bbox 745 2031 762 2066; x_wconf 69' lang='lat'>2&gt;</span> 
     </span>
    </p>

    <p class='ocr_par' dir='ltr' id='par_1_7' title="bbox 263 2104 1413 3372">
     <span class='ocr_line' id='line_1_17' title="bbox 310 2104 1356 2186; baseline 0.004 -20"><span class='ocrx_word' id='word_1_123' title='bbox 310 2104 474 2168; x_wconf 83' lang='lat' dir='ltr'>Fundator</span> <span class='ocrx_word' id='word_1_124' title='bbox 500 2104 638 2169; x_wconf 88' lang='lat' dir='ltr'>instituit</span> <span class='ocrx_word' id='word_1_125' title='bbox 667 2105 840 2186; x_wconf 82' lang='lat' dir='ltr'>collegium</span> <span class='ocrx_word' id='word_1_126' title='bbox 870 2107 931 2172; x_wconf 91' lang='lat' dir='ltr'>boc</span> <span class='ocrx_word' id='word_1_127' title='bbox 961 2107 1179 2171; x_wconf 89' lang='lat' dir='ltr'>inhonorem</span> <span class='ocrx_word' id='word_1_128' title='bbox 1209 2105 1356 2186; x_wconf 84' lang='lat' dir='ltr'>Quinque</span> 
     </span>
     <span class='ocr_line' id='line_1_18' title="bbox 269 2203 1357 2287; baseline 0 -21"><span class='ocrx_word' id='word_1_129' title='bbox 269 2203 442 2267; x_wconf 90' lang='lat' dir='ltr'>Vulnerum</span> <span class='ocrx_word' id='word_1_130' title='bbox 459 2203 587 2268; x_wconf 85' lang='lat' dir='ltr'>Christi.</span> <span class='ocrx_word' id='word_1_131' title='bbox 606 2205 758 2270; x_wconf 89' lang='lat' dir='ltr'>Bursales</span> <span class='ocrx_word' id='word_1_132' title='bbox 773 2223 850 2270; x_wconf 91' lang='lat' dir='ltr'>vero</span> <span class='ocrx_word' id='word_1_133' title='bbox 873 2222 1003 2287; x_wconf 88' lang='lat' dir='ltr'>operam</span> <span class='ocrx_word' id='word_1_134' title='bbox 1020 2206 1097 2270; x_wconf 90' lang='lat' dir='ltr'>dare</span> <span class='ocrx_word' id='word_1_135' title='bbox 1113 2205 1274 2270; x_wconf 90' lang='lat' dir='ltr'>debebant</span> <span class='ocrx_word' id='word_1_136' title='bbox 1288 2204 1357 2285; x_wconf 91' lang='lat' dir='ltr'>phi·</span> 
     </span>
     <span class='ocr_line' id='line_1_19' title="bbox 269 2295 1413 2386; baseline 0.002 -22"><span class='ocrx_word' id='word_1_137' title='bbox 269 2301 436 2381; x_wconf 87' lang='lat' dir='ltr'>losopbiae</span> <span class='ocrx_word' id='word_1_138' title='bbox 461 2302 495 2365; x_wconf 91' lang='lat' dir='ltr'>in</span> <span class='ocrx_word' id='word_1_139' title='bbox 517 2303 714 2385; x_wconf 90' lang='lat' dir='ltr'>paedagogio</span> <span class='ocrx_word' id='word_1_140' title='bbox 737 2303 895 2380; x_wconf 87' lang='lat' dir='ltr'>Falconis,</span> <span class='ocrx_word' id='word_1_141' title='bbox 921 2305 953 2368; x_wconf 93' lang='lat' dir='ltr'>in</span> <span class='ocrx_word' id='word_1_142' title='bbox 976 2322 1039 2386; x_wconf 87' lang='lat' dir='ltr'>quo</span> <span class='ocrx_word' id='word_1_143' title='bbox 1062 2304 1133 2386; x_wconf 91' lang='lat' dir='ltr'>ipso</span> <span class='ocrx_word' id='word_1_144' title='bbox 1157 2303 1290 2378; x_wconf 87' lang='lat' dir='ltr'>studuit,</span> <span class='ocrx_word' id='word_1_145' title='bbox 1319 2319 1357 2366; x_wconf 86' lang='lat' dir='ltr'>ac</span> <span class='ocrx_word' id='word_1_146' title='bbox 1409 2295 1413 2306; x_wconf 85' lang='lat'>&#39;</span> 
     </span>
     <span class='ocr_line' id='line_1_20' title="bbox 270 2400 1352 2484; baseline 0.002 -22"><span class='ocrx_word' id='word_1_147' title='bbox 270 2400 1352 2484; x_wconf 71' lang='lat' dir='ltr'>annolbldinterartiummagistrosduodecimuspromotusfuitll)‚</span> 
     </span>
     <span class='ocr_line' id='line_1_21' title="bbox 263 2497 1356 2582; baseline -0.001 -18"><span class='ocrx_word' id='word_1_148' title='bbox 263 2497 319 2564; x_wconf 70' lang='lat' dir='ltr'>ter</span> <span class='ocrx_word' id='word_1_149' title='bbox 341 2498 373 2562; x_wconf 94' lang='lat' dir='ltr'>in</span> <span class='ocrx_word' id='word_1_150' title='bbox 396 2500 593 2582; x_wconf 86' lang='lat' dir='ltr'>paedagogio</span> <span class='ocrx_word' id='word_1_151' title='bbox 617 2500 824 2576; x_wconf 82' lang='lat' dir='ltr'>standonico,</span> <span class='ocrx_word' id='word_1_152' title='bbox 842 2501 875 2565; x_wconf 92' lang='lat' dir='ltr'>in</span> <span class='ocrx_word' id='word_1_153' title='bbox 898 2502 990 2582; x_wconf 88' lang='lat' dir='ltr'>cujus</span> <span class='ocrx_word' id='word_1_154' title='bbox 1012 2501 1128 2566; x_wconf 88' lang='lat' dir='ltr'>vicinia</span> <span class='ocrx_word' id='word_1_155' title='bbox 1150 2517 1269 2565; x_wconf 88' lang='lat' dir='ltr'>novum</span> <span class='ocrx_word' id='word_1_156' title='bbox 1292 2500 1356 2564; x_wconf 91' lang='lat' dir='ltr'>hoc</span> 
     </span>
     <span class='ocr_line' id='line_1_22' title="bbox 269 2598 1355 2682; baseline 0.001 -20"><span class='ocrx_word' id='word_1_157' title='bbox 269 2598 439 2680; x_wconf 87' lang='lat' dir='ltr'>collegium</span> <span class='ocrx_word' id='word_1_158' title='bbox 456 2599 552 2664; x_wconf 89' lang='lat' dir='ltr'>situm</span> <span class='ocrx_word' id='word_1_159' title='bbox 569 2607 636 2665; x_wconf 90' lang='lat' dir='ltr'>erat</span> <span class='ocrx_word' id='word_1_160' title='bbox 651 2607 728 2665; x_wconf 92' lang='lat' dir='ltr'>tunc</span> <span class='ocrx_word' id='word_1_161' title='bbox 743 2601 910 2682; x_wconf 89' lang='lat' dir='ltr'>temporis.</span> <span class='ocrx_word' id='word_1_162' title='bbox 928 2601 1008 2666; x_wconf 87' lang='lat' dir='ltr'>Dein</span> <span class='ocrx_word' id='word_1_163' title='bbox 1031 2609 1103 2682; x_wconf 88' lang='lat' dir='ltr'>post</span> <span class='ocrx_word' id='word_1_164' title='bbox 1119 2599 1355 2681; x_wconf 90' lang='lat' dir='ltr'>promotionem</span> 
     </span>
     <span class='ocr_line' id='line_1_23' title="bbox 268 2686 1356 2779; baseline 0.001 -20"><span class='ocrx_word' id='word_1_165' title='bbox 268 2697 302 2760; x_wconf 93' lang='lat' dir='ltr'>in</span> <span class='ocrx_word' id='word_1_166' title='bbox 323 2697 444 2763; x_wconf 91' lang='lat' dir='ltr'>artibus</span> <span class='ocrx_word' id='word_1_167' title='bbox 466 2698 614 2764; x_wconf 90' lang='lat' dir='ltr'>bursales</span> <span class='ocrx_word' id='word_1_168' title='bbox 637 2699 768 2764; x_wconf 89' lang='lat' dir='ltr'>studere</span> <span class='ocrx_word' id='word_1_169' title='bbox 793 2686 1072 2779; x_wconf 77' lang='lat' dir='ltr'>poterunt&#39;sacris</span> <span class='ocrx_word' id='word_1_170' title='bbox 1098 2698 1202 2764; x_wconf 90' lang='lat' dir='ltr'>literis</span> <span class='ocrx_word' id='word_1_171' title='bbox 1218 2698 1270 2762; x_wconf 90' lang='lat' dir='ltr'>vel</span> <span class='ocrx_word' id='word_1_172' title='bbox 1289 2697 1356 2778; x_wconf 74' lang='lat' dir='ltr'>iuri</span> 
     </span>
     <span class='ocr_line' id='line_1_24' title="bbox 268 2796 1356 2879; baseline 0.001 -20"><span class='ocrx_word' id='word_1_173' title='bbox 268 2796 424 2863; x_wconf 91' lang='lat' dir='ltr'>canonico</span> <span class='ocrx_word' id='word_1_174' title='bbox 441 2815 498 2879; x_wconf 88' lang='lat' dir='ltr'>per</span> <span class='ocrx_word' id='word_1_175' title='bbox 513 2797 778 2879; x_wconf 85' lang='lat' dir='ltr'>quinquennium.</span> <span class='ocrx_word' id='word_1_176' title='bbox 797 2799 933 2875; x_wconf 86' lang='lat' dir='ltr'>Praeses</span> <span class='ocrx_word' id='word_1_177' title='bbox 955 2813 1034 2863; x_wconf 88' lang='lat' dir='ltr'>vero</span> <span class='ocrx_word' id='word_1_178' title='bbox 1050 2797 1177 2878; x_wconf 90' lang='lat' dir='ltr'>collegii</span> <span class='ocrx_word' id='word_1_179' title='bbox 1194 2797 1232 2861; x_wconf 91' lang='lat' dir='ltr'>ad</span> <span class='ocrx_word' id='word_1_180' title='bbox 1250 2796 1356 2860; x_wconf 91' lang='lat' dir='ltr'>minus</span> 
     </span>
     <span class='ocr_line' id='line_1_25' title="bbox 268 2895 1356 2976; baseline 0 -18"><span class='ocrx_word' id='word_1_181' title='bbox 268 2895 362 2960; x_wconf 89' lang='lat' dir='ltr'>debet</span> <span class='ocrx_word' id='word_1_182' title='bbox 377 2912 450 2960; x_wconf 91' lang='lat' dir='ltr'>esse</span> <span class='ocrx_word' id='word_1_183' title='bbox 466 2897 695 2961; x_wconf 86' lang='lat' dir='ltr'>baccalaureus</span> <span class='ocrx_word' id='word_1_184' title='bbox 712 2904 743 2961; x_wconf 89' lang='lat' dir='ltr'>et</span> <span class='ocrx_word' id='word_1_185' title='bbox 759 2897 935 2976; x_wconf 90' lang='lat' dir='ltr'>procedere</span> <span class='ocrx_word' id='word_1_186' title='bbox 951 2895 990 2960; x_wconf 90' lang='lat' dir='ltr'>ad</span> <span class='ocrx_word' id='word_1_187' title='bbox 1012 2895 1195 2972; x_wconf 90' lang='lat' dir='ltr'>licentiam;</span> <span class='ocrx_word' id='word_1_188' title='bbox 1214 2895 1253 2958; x_wconf 92' lang='lat' dir='ltr'>ad</span> <span class='ocrx_word' id='word_1_189' title='bbox 1269 2895 1356 2975; x_wconf 85' lang='lat' dir='ltr'>quod</span> 
     </span>
     <span class='ocr_line' id='line_1_26' title="bbox 268 2993 1357 3076; baseline -0.002 -18"><span class='ocrx_word' id='word_1_190' title='bbox 268 3011 384 3059; x_wconf 91' lang='lat' dir='ltr'>munus</span> <span class='ocrx_word' id='word_1_191' title='bbox 400 2997 621 3076; x_wconf 78' lang='lat' dir='ltr'>praeferentur</span> <span class='ocrx_word' id='word_1_192' title='bbox 637 2997 872 3062; x_wconf 88' lang='lat' dir='ltr'>descendentes</span> <span class='ocrx_word' id='word_1_193' title='bbox 895 3013 932 3060; x_wconf 87' lang='lat' dir='ltr'>ex</span> <span class='ocrx_word' id='word_1_194' title='bbox 955 3002 1045 3076; x_wconf 89' lang='lat' dir='ltr'>patre</span> <span class='ocrx_word' id='word_1_195' title='bbox 1068 3001 1099 3060; x_wconf 91' lang='lat' dir='ltr'>et</span> <span class='ocrx_word' id='word_1_196' title='bbox 1122 3002 1222 3059; x_wconf 90' lang='lat' dir='ltr'>matre</span> <span class='ocrx_word' id='word_1_197' title='bbox 1241 2993 1357 3058; x_wconf 88' lang='lat' dir='ltr'>funda-</span> 
     </span>
     <span class='ocr_line' id='line_1_27' title="bbox 268 3092 1356 3176; baseline -0.001 -20"><span class='ocrx_word' id='word_1_198' title='bbox 268 3092 360 3169; x_wconf 90' lang='lat' dir='ltr'>toris,</span> <span class='ocrx_word' id='word_1_199' title='bbox 384 3094 435 3159; x_wconf 91' lang='lat' dir='ltr'>vel</span> <span class='ocrx_word' id='word_1_200' title='bbox 458 3111 496 3159; x_wconf 81' lang='lat' dir='ltr'>ex</span> <span class='ocrx_word' id='word_1_201' title='bbox 520 3094 620 3160; x_wconf 87' lang='lat' dir='ltr'>fratre</span> <span class='ocrx_word' id='word_1_202' title='bbox 646 3104 677 3160; x_wconf 91' lang='lat' dir='ltr'>et</span> <span class='ocrx_word' id='word_1_203' title='bbox 703 3111 817 3160; x_wconf 91' lang='lat' dir='ltr'>sorore</span> <span class='ocrx_word' id='word_1_204' title='bbox 843 3095 942 3176; x_wconf 91' lang='lat' dir='ltr'>patris</span> <span class='ocrx_word' id='word_1_205' title='bbox 968 3094 1072 3175; x_wconf 92' lang='lat' dir='ltr'>ipsius</span> <span class='ocrx_word' id='word_1_206' title='bbox 1097 3093 1289 3159; x_wconf 85' lang='lat' dir='ltr'>fundatoris.</span> <span class='ocrx_word' id='word_1_207' title='bbox 1306 3093 1356 3156; x_wconf 80' lang='lat' dir='ltr'>Ad</span> 
     </span>
     <span class='ocr_line' id='line_1_28' title="bbox 267 3189 1357 3274; baseline -0.003 -19"><span class='ocrx_word' id='word_1_208' title='bbox 267 3191 382 3255; x_wconf 90' lang='lat' dir='ltr'>bursas</span> <span class='ocrx_word' id='word_1_209' title='bbox 411 3209 487 3257; x_wconf 90' lang='lat' dir='ltr'>vero</span> <span class='ocrx_word' id='word_1_210' title='bbox 517 3200 673 3257; x_wconf 89' lang='lat' dir='ltr'>vocantur</span> <span class='ocrx_word' id='word_1_211' title='bbox 703 3193 806 3273; x_wconf 83' lang='lat' dir='ltr'>primo</span> <span class='ocrx_word' id='word_1_212' title='bbox 836 3191 1091 3274; x_wconf 86' lang='lat' dir='ltr'>consanguinei,</span> <span class='ocrx_word' id='word_1_213' title='bbox 1124 3191 1199 3257; x_wconf 94' lang='lat' dir='ltr'>dein</span> <span class='ocrx_word' id='word_1_214' title='bbox 1230 3191 1293 3254; x_wconf 90' lang='lat' dir='ltr'>nati</span> <span class='ocrx_word' id='word_1_215' title='bbox 1321 3189 1357 3253; x_wconf 88' lang='lat' dir='ltr'>in</span> 
     </span>
     <span class='ocr_line' id='line_1_29' title="bbox 268 3285 1355 3372; baseline 0 -20"><span class='ocrx_word' id='word_1_216' title='bbox 268 3285 424 3370; x_wconf 75' lang='lat' dir='ltr'>longelre</span> <span class='ocrx_word' id='word_1_217' title='bbox 439 3297 491 3355; x_wconf 92' lang='lat' dir='ltr'>aut</span> <span class='ocrx_word' id='word_1_218' title='bbox 511 3291 656 3366; x_wconf 85' lang='lat' dir='ltr'>Diessen,</span> <span class='ocrx_word' id='word_1_219' title='bbox 676 3299 780 3372; x_wconf 87' lang='lat' dir='ltr'>atque,</span> <span class='ocrx_word' id='word_1_220' title='bbox 797 3291 862 3356; x_wconf 91' lang='lat' dir='ltr'>illis</span> <span class='ocrx_word' id='word_1_221' title='bbox 886 3291 1121 3362; x_wconf 82' lang='lat' dir='ltr'>deficientibus,</span> <span class='ocrx_word' id='word_1_222' title='bbox 1140 3307 1179 3355; x_wconf 85' lang='lat' dir='ltr'>ex</span> <span class='ocrx_word' id='word_1_223' title='bbox 1201 3288 1355 3355; x_wconf 88' lang='lat' dir='ltr'>Louanio.</span> 
     </span>
    </p>

    <p class='ocr_par' dir='ltr' id='par_1_8' title="bbox 269 3388 1374 3668">
     <span class='ocr_line' id='line_1_30' title="bbox 309 3388 1358 3470; baseline -0.001 -19"><span class='ocrx_word' id='word_1_224' title='bbox 309 3389 499 3454; x_wconf 88' lang='lat' dir='ltr'>Provisores</span> <span class='ocrx_word' id='word_1_225' title='bbox 514 3405 591 3454; x_wconf 88' lang='lat' dir='ltr'>vero</span> <span class='ocrx_word' id='word_1_226' title='bbox 607 3390 744 3454; x_wconf 89' lang='lat' dir='ltr'>instituit</span> <span class='ocrx_word' id='word_1_227' title='bbox 764 3390 914 3454; x_wconf 78' lang='lat' dir='ltr'>fundator</span> <span class='ocrx_word' id='word_1_228' title='bbox 930 3389 1104 3470; x_wconf 88' lang='lat' dir='ltr'>praelatum</span> <span class='ocrx_word' id='word_1_229' title='bbox 1122 3388 1266 3452; x_wconf 88' lang='lat' dir='ltr'>abbatiae</span> <span class='ocrx_word' id='word_1_230' title='bbox 1283 3388 1358 3450; x_wconf 88' lang='lat' dir='ltr'>Par-</span> 
     </span>
     <span class='ocr_line' id='line_1_31' title="bbox 269 3485 1374 3568; baseline -0.002 -18"><span class='ocrx_word' id='word_1_231' title='bbox 269 3487 376 3551; x_wconf 88' lang='lat' dir='ltr'>censis</span> <span class='ocrx_word' id='word_1_232' title='bbox 392 3490 464 3568; x_wconf 74' lang='lat' dir='ltr'>(quo</span> <span class='ocrx_word' id='word_1_233' title='bbox 480 3488 643 3568; x_wconf 87' lang='lat' dir='ltr'>impedito,</span> <span class='ocrx_word' id='word_1_234' title='bbox 662 3489 857 3554; x_wconf 86' lang='lat' dir='ltr'>substituere</span> <span class='ocrx_word' id='word_1_235' title='bbox 880 3488 931 3553; x_wconf 92' lang='lat' dir='ltr'>bic</span> <span class='ocrx_word' id='word_1_236' title='bbox 954 3495 1060 3568; x_wconf 90' lang='lat' dir='ltr'>potest</span> <span class='ocrx_word' id='word_1_237' title='bbox 1082 3503 1176 3551; x_wconf 88' lang='lat' dir='ltr'>suum</span> <span class='ocrx_word' id='word_1_238' title='bbox 1193 3485 1374 3558; x_wconf 69' lang='lat' dir='ltr'>cubicula,</span> 
     </span>
     <span class='ocr_line' id='line_1_32' title="bbox 269 3584 1358 3668; baseline -0.002 -20"><span class='ocrx_word' id='word_1_239' title='bbox 269 3587 352 3650; x_wconf 93' lang='lat' dir='ltr'>rium</span> <span class='ocrx_word' id='word_1_240' title='bbox 365 3586 573 3668; x_wconf 80' lang='lat' dir='ltr'>religiosum),</span> <span class='ocrx_word' id='word_1_241' title='bbox 587 3595 618 3652; x_wconf 94' lang='lat' dir='ltr'>et</span> <span class='ocrx_word' id='word_1_242' title='bbox 630 3595 752 3668; x_wconf 90' lang='lat' dir='ltr'>patrem</span> <span class='ocrx_word' id='word_1_243' title='bbox 766 3586 987 3668; x_wconf 88' lang='lat' dir='ltr'>Bogardorum</span> <span class='ocrx_word' id='word_1_244' title='bbox 1002 3585 1257 3660; x_wconf 82' lang='lat' dir='ltr'>lovaniensium,</span> <span class='ocrx_word' id='word_1_245' title='bbox 1272 3584 1358 3664; x_wconf 91' lang='lat' dir='ltr'>apud</span> 
     </span>
    </p>
   </div>
   <div class='ocr_carea' id='block_1_6' title="bbox 269 3813 1360 4250">
    <p class='ocr_par' dir='ltr' id='par_1_9' title="bbox 307 3813 1002 3888">
     <span class='ocr_line' id='line_1_33' title="bbox 307 3813 1002 3888; baseline 0.006 -19"><span class='ocrx_word' id='word_1_246' title='bbox 307 3815 346 3887; x_wconf 93' lang='grc'>(1)</span> <span class='ocrx_word' id='word_1_247' title='bbox 366 3815 531 3888; x_wconf 75' lang='lat' dir='ltr'>Smcprtraet,</span> <span class='ocrx_word' id='word_1_248' title='bbox 546 3813 568 3870; x_wconf 76' lang='lat' dir='ltr'>’e</span> <span class='ocrx_word' id='word_1_249' title='bbox 581 3814 764 3885; x_wconf 73' lang='lat' dir='ltr'>Meyeratrael,</span> <span class='ocrx_word' id='word_1_250' title='bbox 781 3833 827 3871; x_wconf 85' lang='lat' dir='ltr'>rue</span> <span class='ocrx_word' id='word_1_251' title='bbox 841 3816 876 3871; x_wconf 90' lang='lat' dir='ltr'>du</span> <span class='ocrx_word' id='word_1_252' title='bbox 891 3814 1002 3873; x_wconf 85' lang='lat' dir='ltr'>maicur.</span> 
     </span>
    </p>

    <p class='ocr_par' dir='ltr' id='par_1_10' title="bbox 269 3905 1360 4250">
     <span class='ocr_line' id='line_1_34' title="bbox 306 3905 1359 3978; baseline 0.003 -21"><span class='ocrx_word' id='word_1_253' title='bbox 306 3905 347 3975; x_wconf 72' lang='lat'>(2)</span> <span class='ocrx_word' id='word_1_254' title='bbox 369 3905 441 3962; x_wconf 85' lang='lat' dir='ltr'>O&#39;est</span> <span class='ocrx_word' id='word_1_255' title='bbox 460 3925 507 3978; x_wconf 88' lang='lat' dir='ltr'>par</span> <span class='ocrx_word' id='word_1_256' title='bbox 526 3924 616 3962; x_wconf 83' lang='lat' dir='ltr'>errent</span> <span class='ocrx_word' id='word_1_257' title='bbox 633 3925 693 3977; x_wconf 88' lang='lat' dir='ltr'>que,</span> <span class='ocrx_word' id='word_1_258' title='bbox 710 3908 776 3962; x_wconf 87' lang='lat' dir='ltr'>dans</span> <span class='ocrx_word' id='word_1_259' title='bbox 795 3905 833 3962; x_wconf 82' lang='lat' dir='ltr'>les</span> <span class='ocrx_word' id='word_1_260' title='bbox 854 3908 990 3962; x_wconf 81' lang='lat' dir='ltr'>Analectcr</span> <span class='ocrx_word' id='word_1_261' title='bbox 1006 3925 1070 3977; x_wconf 81' lang='lat' dir='ltr'>pour</span> <span class='ocrx_word' id='word_1_262' title='bbox 1087 3907 1170 3961; x_wconf 75' lang='lat' dir='ltr'>servir</span> <span class='ocrx_word' id='word_1_263' title='bbox 1190 3907 1207 3959; x_wconf 84' lang='lat' dir='ltr'>ui</span> <span class='ocrx_word' id='word_1_264' title='bbox 1226 3905 1359 3960; x_wconf 82' lang='lat' dir='ltr'>l’ln&#39;rtoirc</span> 
     </span>
     <span class='ocr_line' id='line_1_35' title="bbox 269 3995 1359 4070; baseline -0.002 -18"><span class='ocrx_word' id='word_1_265' title='bbox 269 3995 456 4068; x_wconf 66' lang='lat' dir='ltr'>ecclesiastiqce</span> <span class='ocrx_word' id='word_1_266' title='bbox 469 3999 499 4052; x_wconf 82' lang='lat' dir='ltr'>dc</span> <span class='ocrx_word' id='word_1_267' title='bbox 509 3999 536 4053; x_wconf 81' lang='lat' dir='ltr'>la</span> <span class='ocrx_word' id='word_1_268' title='bbox 547 3998 678 4069; x_wconf 74' lang='lat' dir='ltr'>Belpique‚</span> <span class='ocrx_word' id='word_1_269' title='bbox 692 3998 732 4064; x_wconf 92' lang='lat'>11,</span> <span class='ocrx_word' id='word_1_270' title='bbox 745 4017 772 4070; x_wconf 89' lang='lat' dir='ltr'>p.</span> <span class='ocrx_word' id='word_1_271' title='bbox 783 3999 847 4064; x_wconf 71' lang='lat'>251,</span> <span class='ocrx_word' id='word_1_272' title='bbox 863 3997 937 4054; x_wconf 80' lang='lat' dir='ltr'>elles</span> <span class='ocrx_word' id='word_1_273' title='bbox 948 3999 1108 4054; x_wconf 73' lang='lat' dir='ltr'>Promotionr</span> <span class='ocrx_word' id='word_1_274' title='bbox 1119 3998 1149 4052; x_wconf 83' lang='lat' dir='ltr'>dc</span> <span class='ocrx_word' id='word_1_275' title='bbox 1162 3997 1299 4067; x_wconf 72' lang='lat' dir='ltr'>lafucultt</span> <span class='ocrx_word' id='word_1_276' title='bbox 1311 3995 1359 4051; x_wconf 73' lang='lat' dir='ltr'>des</span> 
     </span>
     <span class='ocr_line' id='line_1_36' title="bbox 269 4087 1360 4160; baseline 0 -17"><span class='ocrx_word' id='word_1_277' title='bbox 269 4089 346 4154; x_wconf 74' lang='lat' dir='ltr'>Acts,</span> <span class='ocrx_word' id='word_1_278' title='bbox 361 4106 388 4158; x_wconf 86' lang='lat' dir='ltr'>p.</span> <span class='ocrx_word' id='word_1_279' title='bbox 411 4089 457 4155; x_wconf 79' lang='grc'>71,</span> <span class='ocrx_word' id='word_1_280' title='bbox 479 4105 545 4144; x_wconf 85' lang='lat' dir='ltr'>nous</span> <span class='ocrx_word' id='word_1_281' title='bbox 564 4107 646 4145; x_wconf 82' lang='lat' dir='ltr'>avons</span> <span class='ocrx_word' id='word_1_282' title='bbox 665 4089 704 4144; x_wconf 88' lang='lat' dir='ltr'>dit</span> <span class='ocrx_word' id='word_1_283' title='bbox 724 4108 774 4160; x_wconf 88' lang='lat' dir='ltr'>quc</span> <span class='ocrx_word' id='word_1_284' title='bbox 797 4089 899 4145; x_wconf 86' lang='lat' dir='ltr'>Marcel</span> <span class='ocrx_word' id='word_1_285' title='bbox 921 4089 1096 4145; x_wconf 78' lang='lat' dir='ltr'>Oraendouck</span> <span class='ocrx_word' id='word_1_286' title='bbox 1119 4089 1190 4144; x_wconf 82' lang='lat' dir='ltr'>avait</span> <span class='ocrx_word' id='word_1_287' title='bbox 1211 4087 1308 4144; x_wconf 84' lang='lat' dir='ltr'>obtenu</span> <span class='ocrx_word' id='word_1_288' title='bbox 1331 4087 1360 4143; x_wconf 84' lang='lat' dir='ltr'>la</span> 
     </span>
     <span class='ocr_line' id='line_1_37' title="bbox 272 4177 398 4250; baseline 0.016 -18"><span class='ocrx_word' id='word_1_289' title='bbox 272 4178 301 4232; x_wconf 78' lang='lat' dir='ltr'>be</span> <span class='ocrx_word' id='word_1_290' title='bbox 316 4177 398 4250; x_wconf 87' lang='lat' dir='ltr'>place.</span> 
     </span>
    </p>
   </div>
   <div class='ocr_carea' id='block_1_7' title="bbox 0 0 1516 4946">
    <p class='ocr_par' dir='ltr' id='par_1_11' title="bbox 0 0 1516 4946">
     <span class='ocr_line' id='line_1_38' title="bbox 0 0 1516 4946; baseline 0 0"><span class='ocrx_word' id='word_1_291' title='bbox 0 0 1516 4946; x_wconf 95' lang='lat' dir='ltr'> </span> 
     </span>
    </p>
   </div>
   <div class='ocr_carea' id='block_1_8' title="bbox 1504 2460 1509 3376">
    <p class='ocr_par' dir='ltr' id='par_1_12' title="bbox 1504 2460 1509 3376">
     <span class='ocr_line' id='line_1_39' title="bbox 1504 2460 1509 3376; baseline 0 0"><span class='ocrx_word' id='word_1_292' title='bbox 1504 2460 1509 3376; x_wconf 95' lang='lat' dir='ltr'> </span> 
     </span>
    </p>
   </div>
  </div>
 </body>
</html>
