3090 4956
770 391 892 456 -ιιι
915 427 952 436 -

317 557 451 624 calicem
476 571 513 620 ac
539 561 724 618 ornamenta
751 553 1137 636 sacerdotaliasuamque
1161 557 1191 618 in
1216 556 1328 636 primis
1350 556 1395 620 bi-

320 655 512 721 bliothecam
539 652 666 734 legavit,
683 652 715 716 in
737 669 798 732 dua
820 652 964 734 Hunnaei
987 663 1078 718 erant
1103 655 1257 734 quaedam
1282 654 1397 736 scripta

318 764 348 822 et
363 758 444 820 Aclu
459 752 586 818 concilii
599 752 730 819 secundi
746 752 950 832 provincialis
966 752 1205 818 Meclrliniensis
1222 771 1306 819 anno
1321 755 1395 818 lbll

319 873 412 920 manu
429 854 559 934 scripta.

359 955 527 1018 »Praeses
550 949 676 1032 collegii
702 949 877 1014 Buslidiani
902 951 1061 1017 Adrianus
1085 953 1187 1017 Baecx
1209 969 1293 1018 anno
1325 953 1396 1018 1611

318 1052 522 1118 Oirschotum
544 1049 576 1114 in
599 1047 752 1129 majoratu
769 1049 1010 1114 Busooduccnsi
1027 1049 1183 1132 migravit,
1201 1051 1345 1120 decanus
1367 1061 1396 1116 et

317 1150 492 1217 canonicus
505 1148 606 1216 factus
622 1146 778 1211 ecclesiae
791 1147 977 1228 collegiatae
992 1147 1056 1212 divi
1073 1147 1154 1213 Petri
1172 1149 1303 1228 ibidem.
1318 1149 1397 1214 Obiit

318 1249 431 1315 eodem
447 1246 573 1312 circiter
587 1252 731 1326 tempore
746 1244 896 1309 Claudius
908 1245 1053 1326 Verrydt.
1068 1245 1126 1322 Qui
1143 1264 1248 1312 rerum
1266 1257 1396 1314 eventus

318 1365 400 1414 novo
424 1344 643 1411 llecbliuiensi
656 1343 791 1426 collegio
804 1343 920 1408 funesti
938 1344 1077 1408 fuerunt.
1096 1345 1306 1410 successerat
1331 1346 1396 1428 qui-

316 1447 350 1512 in
365 1445 490 1524 collegii
507 1442 682 1508 Buslidiani
699 1443 896 1522 praefectura
917 1443 1107 1508 fredericus
1125 1444 1272 1520 Havens;
1289 1461 1394 1510 verum

318 1546 488 1611 noluerunt
510 1541 635 1624 patroni
658 1541 805 1620 antiquae
828 1539 916 1604 illius
939 1541 1160 1616 institutionis,
1178 1542 1271 1623 cuius
1296 1543 1394 1624 prisca

317 1642 498 1718 celebritas,
515 1641 579 1704 imo
604 1655 719 1704 nomen
742 1639 859 1720 ipsum,
877 1639 918 1702 ob
935 1639 1074 1704 vicinum
1097 1656 1279 1720 novumque
1301 1640 1393 1706 colle-

315 1743 402 1824 gium
414 1738 582 1806 obscurari
596 1737 773 1810 videbatur,
789 1743 821 1800 ut
833 1735 1021 1800 Frederlcus
1034 1753 1142 1801 curam
1159 1737 1392 1805 Mecbliniensis

315 1842 431 1908 domus
457 1837 647 1917 susciperet.
676 1834 743 1898 Lite
769 1835 843 1898 inde
867 1841 960 1898 enata
986 1834 1068 1898 inter
1092 1834 1339 1900 llecbliuienses
1363 1849 1392 1900 et

317 1937 574 2012 Universitatem,
588 1934 607 1996 b
620 1933 692 2016 maji
709 1932 784 1997 1638
797 1940 988 1997 conventum
1001 1933 1071 2009 fuit,
1086 1942 1119 1997 ut
1132 1934 1228 1998 alium
1245 1935 1278 1998 in
1293 1936 1392 2000 locum

316 2034 562 2102 llecbliuienses
578 2031 748 2112 collegium
765 2031 994 2105 transferrent;
1012 2031 1097 2112 quod
1114 2031 1145 2093 bi
1162 2032 1291 2097 demum
1314 2050 1391 2097 anno

317 2136 396 2201 1676
412 2134 535 2200 executi
550 2132 685 2204 fuerunt,
700 2129 814 2210 emptis
829 2129 963 2194 aedibus
975 2129 1008 2192 in
1022 2123 1269 2195 [liestbcmiensi
1282 2133 1389 2212 platea3

317 2236 444 2317 induas
467 2234 593 2307 bursas,
612 2231 740 2295 mobilia
758 2229 885 2312 collegii
901 2247 938 2294 ac
953 2229 1178 2294 bibliothecam
1202 2239 1391 2312 transporta·

260 2402 262 2407 ,
317 2342 403 2400 runt.
430 2407 432 2410 ,

360 2457 376 2494 n
393 2432 499 2496 Dictas
521 2430 630 2503 aedes,
648 2426 791 2508 quamvis
806 2427 838 2488 in
854 2425 1022 2504 collegium
1045 2425 1105 2490 rite
1127 2435 1251 2491 erectas
1268 2444 1305 2491 ao
1319 2428 1389 2492 Uni-

317 2531 459 2602 versitati
482 2531 715 2610 incorporatus,
733 2523 980 2590 llecbliuienses
1002 2524 1021 2586 l
1043 2525 1224 2588 decembris
1240 2525 1319 2589 1696
1339 2543 1389 2589 ve-

317 2650 391 2697 num
407 2635 636 2711 exposuerunt.
653 2625 714 2689 Sed
729 2625 814 2688 bunc
829 2631 988 2698 conatum,
1004 2634 1162 2704 tamquam
1175 2623 1389 2688 Universitatis

315 2731 424 2797 decori
440 2746 477 2793 ac
489 2729 553 2810 jori
575 2727 808 2799 adversantem,
827 2727 981 2802 repressit
996 2722 1123 2787 concilii
1140 2721 1339 2796 Brabautiae‚
1352 2722 1388 2784 ad

315 2830 406 2911 cujus
420 2827 575 2908 judicium
599 2823 797 2888 Universitas
813 2838 942 2886 causam
958 2820 1127 2895 detulerat,
1144 2820 1196 2885 die
1213 2820 1250 2882 17
1267 2813 1387 2886 d'ecem-
1463 2817 1465 2820 ’
1527 2819 1528 2840 ³

314 2929 380 2992 bris
394 2926 473 2990 1761
488 2927 550 2988 lata
565 2921 739 2996 sententia3
757 2937 818 3000 qua
831 2918 1114 2982 llecbliuiensibus
1131 2917 1307 2998 injunctum
1323 2919 1385 2991 fuit,

314 3035 347 3091 ut
363 3043 400 3091 eo
417 3026 448 3088 in
465 3033 560 3099 statu,
578 3038 640 3102 quo
656 3021 758 3084 fuerat
779 3029 923 3082 erectum
937 3017 1114 3082 studiorum
1130 3018 1311 3088 commodo.
1329 3020 1388 3082 col·

312 3125 427 3205 legium
446 3124 674 3203 relinquerent,
693 3118 795 3182 donec
816 3117 908 3179 aliter
926 3115 1141 3180 ordinaretur.
1159 3116 1243 3180 llaec
1266 3116 1386 3196 collegii

313 3223 374 3287 fata
400 3221 547 3301 exprimit
568 3217 747 3298 inscriptio,
765 3232 846 3296 quae
873 3214 958 3278 iconi
981 3213 1103 3278 Claudii
1128 3215 1273 3294 Verrydt,
1290 3232 1386 3295 quon-

312 3322 385 3385 dam
402 3321 517 3384 ibidem
533 3323 709 3390 asservato,
727 3313 893 3394 subjicitur
912 3312 1031 3386 verbis,
1049 3328 1130 3394 quae
1148 3315 1243 3378 refert
1259 3313 1384 3393 Padum,
1457 3371 1463 3382 ,

312 3420 485 3492 manebas,
509 3417 609 3490 iuli,
637 3435 684 3490 xv,
712 3433 742 3494 p.
770 3413 840 3474 131.
855 3435 873 3470 n
897 3412 942 3475 lta
964 3411 1025 3474 Van
1039 3412 1200 3487 anutou,
1214 3412 1246 3474 in
1261 3411 1387 3492 Spuopsi

312 3525 587 3588 moriumentorum,
606 3533 638 3590 n,
656 3534 686 3596 p.
704 3512 852 3586 amabo,
871 3512 902 3574 in
920 3520 1004 3574 nota.

438 3753 441 3758 ’
541 3763 585 3824 ll.
610 3759 774 3823 Praesides
790 3755 907 3835 cellapii
920 3754 1159 3820 llecbliuienses.

350 3992 373 4056 l.
404 3990 489 4054 1676.
516 3990 628 4052 Parrus
645 3988 704 4050 Vna
720 3987 869 4058 Eurconn,
884 3983 965 4064 J'uris
980 3981 1144 4062 utriusque
1160 3980 1341 4044 licentiatus
1358 3990 1388 4042 el

307 4091 346 4156 ad
362 4090 469 4155 divum
487 4090 614 4153 Petrum
630 4086 759 4151 Louanii
775 4085 960 4154 carronicus,
980 4081 1101 4162 primus
1117 4089 1191 4160 post
1208 4078 1373 4143 translatio

306 4207 378 4257 nem
394 4207 412 4256 e
427 4187 563 4269 collegio
580 4185 719 4268 trilingui
735 4200 818 4248 anno
836 4182 914 4246 1676
932 4181 1033 4245 factus
1050 4188 1100 4244 cst
1120 4195 1261 4260 praeses.
