3014 4946
557 409 739 472 -aalm

11 637 12 640 ,
112 574 225 650 babuit,
242 582 274 639 et
286 573 414 656 juvenis
429 574 535 640 adhuc
551 591 588 638 ac
611 573 801 655 peregrinus
824 574 868 650 (ut
884 571 953 652 ipse
976 569 1050 634 alibi
1067 567 1187 648 scribit)

110 676 139 738 in
153 673 369 756 prolessorum
387 689 554 738 numerum
571 680 665 754 atque
681 672 826 737 ordinem
850 677 1020 749 cooptatus
1036 675 1086 733 est
1102 683 1187 731 anno

110 772 193 848 1333,
210 781 305 854 atque
322 771 544 836 institutiones
566 772 582 834 J
587 771 783 836 ustinianeas
801 769 927 850 publice
943 765 1098 847 praelegit
1112 781 1188 829 cum

111 871 256 952 applausu
273 871 444 950 fructuque
459 869 654 934 audientium
672 885 708 933 ac
721 877 853 948 stupore
869 867 1033 939 Italorum,
1048 862 1189 927 hominis

11 1015 13 1032 1
111 970 256 1034 arteriae
279 969 396 1050 Belgae
420 969 600 1032 facundiam
624 967 860 1032 admirantium.
880 964 936 1029 llio
956 979 1073 1028 artuum
1091 977 1189 1025 unum

11 1085 20 1160 1,
109 1069 255 1144 substitit,
285 1075 316 1133 01
345 1075 418 1148 post
445 1067 687 1148 quatuordecim
714 1081 872 1130 annorum
899 1061 1189 1144 peregrinationem

11 1159 12 1222 ξ
110 1168 223 1248 patriae
238 1183 329 1230 amor
345 1165 486 1229 animum
502 1165 612 1230 subiit.

12 1313 13 1316 ,
146 1267 224 1330 Dum
239 1265 336 1341 redit,
355 1267 386 1327 in
403 1264 518 1328 itinere
534 1264 702 1327 Erasmum
718 1262 875 1342 Friburgi,
890 1259 1083 1324 Frobeniom
1099 1255 1189 1320 Basi-

11 1367 13 1440 ᾖ
109 1365 184 1440 1010,
206 1365 238 1428 11
264 1364 315 1428 via
338 1362 497 1438 salutavit,
523 1371 554 1428 01
576 1363 708 1444 graecas
733 1360 901 1442 Theophili
924 1357 1147 1422 institutiones
1172 1372 1190 1418 e

11 1543 12 1548 ἵ
108 1463 308 1528 bessarionis
323 1461 494 1526 cardinalis
511 1461 704 1526 bibliotheca
720 1459 861 1525 Venetiis
877 1459 1084 1539 depromptas
1106 1453 1190 1535 typis

11 1573 12 1580 ’
107 1561 243 1642 ejusdem
260 1561 410 1624 Frobenii
426 1561 477 1625 edi
494 1559 633 1624 curavit.-

11 1731 12 1740 ,
143 1654 1189 1742 lupatriamreversumFrancisoos,Monasteriensisepiscopus,

105 1775 184 1826 anno
210 1757 713 1850 133101110001000010111111
735 1756 876 1838 iudicem
900 1755 980 1829 sive,
1006 1763 1039 1818 ut
1061 1758 1189 1828 vocant,

105 1857 288 1934 officialem
303 1857 436 1922 Carolus
451 1857 487 1932 V,
506 1873 627 1932 caesar,
646 1874 731 1922 anno
755 1856 834 1940 1333
854 1870 1001 1918 camerae
1016 1850 1191 1933 imperialis

105 1956 264 2036 Spirensis
284 1972 504 2030 assessorem;
529 1955 730 2030 Guilielmus,
749 1953 900 2018 Bavariae
916 1953 990 2029 dun,
1010 1949 1192 2015 01101331

11 2063 13 2106 ὲ
104 2055 284 2120 academiae
312 2054 577 2136 ingolstadiensis
602 2053 834 2134 professorem,
860 2060 1029 2133 postquam
1054 2049 1192 2114 similem

109 2155 324 2219 conditionem
351 2153 410 2218 sibi
441 2161 533 2217 antea
563 2153 595 2216 in
625 2152 788 2217 academia
818 2151 1070 2232 Regiomontana
1095 2166 1112 2212 a
1138 2149 1192 2212 Jo-

11 2245 33 2320 ῗ’
107 2252 228 2317 achimo
245 2251 288 2326 ll,
310 2251 496 2317 marchione
519 2249 813 2331 brandeburgensi,
832 2249 973 2314 oblatam
990 2253 1192 2322 recusassem

11 2341 13 2424 J
106 2351 225 2431 quade
248 2349 376 2429 reipsa
398 2348 438 2413 ad
462 2348 633 2430 Georgium
660 2347 812 2412 Sabinum
836 2363 921 2410 anno
944 2345 1025 2409 1333
1049 2345 1191 2410 10110100

11 2447 13 2516 ζ
106 2465 179 2514 0100
205 2447 391 2529 perscribit,
419 2464 482 2528 quo
509 2447 616 2511 minus
642 2446 785 2511 adhuce
807 2445 878 2510 1010
900 2443 939 2508 ad
966 2443 1193 2510 scholasticam

11 2581 13 2624 ,
106 2545 188 2612 illam
203 2545 344 2612 docendi
359 2545 623 2626 tranquillitatem
641 2545 747 2610 redire
763 2561 828 2609 non
845 2543 1025 2608 statuisset.

143 2647 220 2712 Post
243 2647 325 2710 haec
346 2645 455 2720 Maria,
480 2644 680 2726 Belgioarum
705 2643 941 2726 provinciarum
965 2658 1023 2723 pro
1038 2641 1194 2706 CaroloV
1241 2644 1242 2649 ’

105 2744 200 2810 fratre
216 2743 438 2826 gubernatrix,
452 2743 589 2826 Viglium
605 2759 689 2807 anno
702 2742 782 2806 1313
795 2741 904 2823 Belgio
921 2740 1072 2816 restituit,
1087 2740 1193 2805 oblata

104 2843 270 2910 senatoria,
296 2841 450 2924 dignitate
479 2841 512 2905 in
543 2858 745 2923 quocumque
776 2841 912 2905 consilio
943 2847 1116 2920 expeteret.
1147 2843 1192 2902 Ac

105 2941 243 3020 primum
275 2941 402 3022 quidem
430 2957 578 3005 assessor
609 2940 738 3005 consilii
768 2939 950 3014 sanctioris,
981 2946 1048 3002 tum
1078 2937 1191 3002 eodem

104 3055 185 3104 0110
203 3037 351 3112 131311
370 3037 456 3118 maji,
481 3038 519 3102 ad
540 3037 771 3104 Mechliniense
792 3037 967 3102 consilium
993 3036 1187 3112 nominatus

102 3145 174 3218 post
197 3153 323 3218 paucos
345 3153 472 3200 menses
493 3135 662 3200 ldechlinia
685 3135 863 3212 Bruxellas,
887 3135 1021 3216 jubente
1047 3149 1188 3208 caesare,

102 3237 138 3300 ad
154 3235 300 3300 sanctius
312 3235 484 3300 consilium
497 3234 743 3310 rediit,retento
757 3235 917 3316 stipendio
931 3221 1189 3316 magni'oonsiliq

103 3333 241 3416 indeque
258 3335 376 3400 missos
391 3344 441 3400 001
455 3334 579 3416 legatos
594 3335 627 3397 11
643 3333 845 3399 Germaniam
861 3334 899 3397 ad
916 3333 1044 3398 comitia
1059 3333 1190 3414 Spiren-

103 3451 161 3497 sia.

141 3531 237 3595 Anno
254 3531 346 3608 1319,
367 3531 513 3596 kalendis
527 3531 693 3612 januariis,
712 3532 844 3597 Carolus
859 3532 895 3608 V,
913 3547 1036 3607 caesar,
1053 3529 1188 3611 Viglium

99 3631 233 3694 consilii
249 3631 422 3696 sanctioris
437 3631 619 3712 praesidem
635 3631 920 3712 constitutumque,
940 3640 974 3695 ut
990 3630 1059 3712 ejus
1075 3629 1189 3694 autho-

102 3727 230 3794 ritatem
246 3729 359 3812 majori
380 3730 489 3796 lavore
510 3729 687 3811 adiuvaret,
705 3729 846 3810 equestri
863 3746 935 3794 eum
951 3731 1074 3794 honore
1089 3726 1190 3808 insig-

100 3827 192 3892 nivit.
211 3827 419 3892 Postmodum
436 3844 563 3908 quoque
578 3827 760 3908 praelectus
776 3835 826 3892 est
841 3827 899 3904 1111,
917 3827 1001 3909 quod
1018 3825 1190 3891 consilium

101 3933 205 3992 status
222 3935 348 4003 vocant,
366 3943 449 3992 anno
464 3927 555 3990 1339.
570 3927 640 3990 Fuit
656 3927 695 3991 ad
710 3929 789 3992 haec
803 3927 927 3992 ordinis
942 3926 1038 3991 Aurei
1054 3925 1191 3991 Velleris

101 4025 316 4092 cancellarius
333 4026 455 4092 electus
471 4043 555 4092 anno
573 4025 665 4090 1333.

141 4124 324 4202 Postremo,
350 4127 432 4191 elata
454 4143 538 4192 anno
565 4125 767 4204 labantia
790 4126 881 4207 prole
903 4133 1064 4206 suscepta,
1090 4140 1190 4190 uxore
