3014 4946
683 459 867 522 -338-

232 620 349 702 quibus
365 619 468 701 potuit
484 629 514 685 et
537 621 657 696 debuit,
682 630 851 704 potestque
867 631 898 687 et
913 623 1007 687 debet
1024 621 1224 694 melioribus,
1241 620 1320 686 lecit

231 727 264 784 ot
286 719 453 787 constituit
468 736 563 784 snum
586 727 822 797 testamentum,
850 737 981 786 suamve
998 720 1142 785 ultimam
1165 727 1197 784 et
1216 725 1326 784 extre-

231 834 314 882 mam
329 818 488 882 ordinavit
507 819 704 884 voluntatem
729 821 761 883 in
787 820 915 884 modum
939 827 1140 900 sequentem,
1158 818 1243 898 quod
1262 834 1323 882 seu

230 931 326 998 quam
341 917 447 984 valere
469 925 500 980 et
522 917 622 982 robur
645 917 805 983 firmitatis
833 917 977 982 obtinere
993 917 1094 981 voluit
1108 916 1141 978 in
1164 933 1198 980 re
1218 915 1320 982 testa·

160 1025 166 1040 ·
233 1015 332 1080 menti
355 1032 411 1080 seu
434 1015 668 1094 codicillorum,
696 1035 753 1082 seu
781 1033 832 1091 eo,
857 1034 921 1098 qno
948 1016 1104 1096 cujusque
1129 1014 1319 1080 decedentis

232 1113 342 1178 ultima
361 1122 392 1180 et
413 1123 553 1180 extrema
568 1117 716 1180 voluntas
737 1116 844 1180 valere
861 1123 966 1196 potest
978 1115 1067 1196 juxta
1090 1114 1159 1195 pias
1175 1122 1206 1178 et
1220 1129 1319 1178 cauo-

234 1211 323 1276 nicas
338 1213 534 1290 sanctiones,
553 1215 781 1279 nonobstante
804 1215 888 1294 quod
906 1229 1019 1278 omnes
1042 1211 1263 1304 solemnitates
1278 1211 1321 1276 de

184 1366 188 1375 ,
228 1310 302 1391 J'ure
317 1311 490 1391 requisitae
505 1313 665 1378 adhibitae
680 1330 743 1378 non
760 1314 876 1378 lorent.

274 1409 310 1473 ln
327 1410 439 1489 primis
455 1411 551 1493 igitur
566 1413 670 1477 dictus
685 1412 835 1476 dominns
852 1420 986 1476 testator
1002 1410 1237 1476 commendavit
1253 1410 1321 1475 beo

233 1507 329 1586 Patri,
348 1509 427 1572 Filio
443 1519 474 1574 et
490 1510 621 1591 Spiritui
638 1519 763 1595 sancto,
781 1527 819 1574 ac
841 1510 1002 1594 gloriosae
1024 1519 1055 1575 et
1079 1509 1190 1574 beatae
1205 1507 1322 1572 Mariae
1390 1533 1396 1542 ·

230 1604 352 1688 Virgini
363 1607 485 1689 totique
500 1608 607 1674 curiae
623 1608 767 1684 coelesti,
781 1608 918 1672 animam
934 1625 1036 1682 suam,
1051 1622 1124 1672 cum
1139 1624 1157 1670 a
1172 1605 1322 1687 corporis

233 1703 285 1770 sui
300 1707 461 1785 ergastulo
479 1707 637 1788 migrabit,
656 1717 688 1772 et
710 1708 847 1772 cadaver
869 1724 962 1771 suum
985 1695 1089 1772 terrae
1105 1711 1313 1770 consecratae

171 1809 172 1814 ’
231 1803 357 1884 eligens
372 1805 568 1885 sepulturam
584 1821 674 1870 suam
690 1805 722 1868 in
738 1806 875 1871 ecclesia
891 1805 994 1870 sancti
1010 1805 1093 1870 Petri
1110 1803 1319 1869 lovaniensis

232 1899 268 1965 in
282 1902 368 1976 loco,
385 1903 438 1968 ubi
454 1903 522 1969 suis
538 1905 764 1970 executoribus
778 1904 884 1970 visum
900 1905 1008 1969 fuerit.

275 1999 312 2064 lu
323 2000 437 2080 primis
447 2002 599 2084 relinquit
610 2002 714 2080 matri,
727 2002 878 2067 iratribus
890 2010 921 2068 et
935 2001 1101 2068 sororibus
1118 2002 1197 2076 sois,
1212 2001 1318 2066 omnia

236 2113 295 2164 sua
310 2099 393 2163 bona
405 2100 649 2180 patrimonialia,
664 2101 795 2188 eosdem
811 2100 842 2163 in
855 2100 920 2164 illis
932 2100 1068 2165 heredes
1080 2099 1318 2172 constituendo,

209 2193 360 2274 'voleus
388 2199 472 2279 quod
498 2200 621 2265 eisdem
648 2199 923 2281 patrimonialibus
948 2199 1043 2264 bonis
1068 2197 1209 2264 contenti
1236 2205 1322 2262 stare

234 2295 373 2362 debeant
385 2305 416 2363 et
428 2299 508 2362 nihil
520 2299 657 2381 amplius
669 2308 778 2380 petere
789 2315 828 2364 ex
841 2298 974 2380 reliquis
986 2299 1054 2363 suis
1070 2298 1164 2363 bonis
1179 2306 1324 2378 tempore

235 2411 315 2460 suae
339 2397 452 2463 mortis
475 2398 707 2480 relinquendis.
725 2398 816 2474 item,
834 2398 919 2483 qnod
942 2397 974 2460 in
996 2397 1104 2462 locum
1125 2398 1259 2461 fratrum
1273 2395 1326 2460 vel

235 2509 384 2560 sororum
400 2496 624 2562 defunctorum
647 2513 759 2562 eorum
782 2497 874 2563 liberi
895 2497 927 2560 in
955 2496 1073 2578 stirpes
1096 2495 1135 2560 ad
1159 2493 1326 2576 praedicta

188 2670 190 2674 Α
236 2592 469 2673 patrimonialia
484 2596 568 2660 bona
584 2595 801 2660 admittantur.

214 2729 217 2735 -
277 2692 418 2758 Ulterius
443 2693 528 2759 idem
554 2701 688 2761 testator
714 2692 876 2758 desiderio
908 2691 1145 2774 promovendae
1173 2689 1330 2756 scientiae

236 2791 415 2858 medicinae
431 2809 474 2858 ac
496 2793 593 2858 studii
614 2793 758 2874 ejusdem
780 2791 881 2858 voluit
902 2803 935 2858 ct
955 2793 1032 2868 vult,
1057 2791 1142 2872 quod
1164 2807 1223 2872 per
1247 2806 1328 2855 suos

237 2899 427 2974 executores
449 2893 532 2956 inira
557 2890 770 2956 nominandos
793 2890 961 2972 exigantur
982 2899 1014 2955 et
1034 2889 1272 2956 constituantur
1293 2887 1329 2952 in

237 2989 450 3054 Universitate
478 2990 669 3056 lovaniensi
705 2998 842 3070 quatuor
871 2989 990 3054 bursae
1018 3006 1076 3071 pro
1108 2985 1264 3054 studiosis
1293 2986 1328 3049 iu

235 3089 347 3155 eadem
363 3089 497 3154 seientia
519 3105 556 3154 ac
578 3089 726 3158 facultate
742 3089 931 3154 medicinae.
947 3088 995 3152 Ad
1017 3105 1097 3170 quas
1119 3087 1247 3169 quidem
1263 3103 1323 3168 per

236 3195 495 3268 praesentatores
524 3205 561 3254 ac
597 3197 750 3270 patronos
780 3187 861 3252 infra
890 3187 1110 3270 designandos
1138 3185 1264 3252 desumi
1293 3191 1329 3250 et

235 3287 358 3351 assumi
380 3303 418 3351 ac
440 3287 638 3368 praesentari
654 3287 723 3351 vult
738 3302 807 3363 eoa,
824 3286 878 3368 qni
894 3285 955 3350 sibi
972 3285 1117 3351 testatori
1134 3283 1327 3366 cognatione

236 3384 287 3449 vel
308 3385 478 3466 agnatione
499 3385 687 3468 junguntur,
705 3385 824 3468 quique
848 3403 887 3450 ex
909 3385 960 3450 his
982 3385 1014 3448 in
1036 3386 1176 3450 futurum
1192 3384 1329 3447 descen-

237 3485 324 3550 dent.
351 3485 473 3560 Quibus
494 3485 732 3560 deficientibus
749 3485 817 3549 vult
838 3485 960 3549 assumi
981 3495 1012 3550 et
1035 3483 1232 3566 praesentari
1254 3498 1327 3557 eos,

237 3583 339 3665 quiin
355 3583 509 3666 majoratu
531 3583 771 3650 Buscoduoensi
794 3584 859 3648 nati
881 3591 991 3661 erunt;
1008 3584 1125 3665 quibus
1140 3582 1233 3648 etiam
1248 3579 1330 3644 deii-

238 3682 410 3758 cientibus‚
426 3683 579 3765 permittit
595 3683 689 3748 dictis
705 3681 850 3764 patronis
865 3690 896 3747 et
912 3682 1206 3764 praesentatoribus
1222 3688 1330 3762 potes-

239 3789 337 3848 tatem
367 3783 553 3848 assumendi
584 3783 711 3848 aliunde
741 3782 780 3846 ad
810 3781 968 3861 eiusmodi
998 3781 1140 3846 studium
1169 3781 1328 3858 idoncos,

240 3881 471 3947 commendans
495 3881 590 3947 etiam
614 3881 699 3946 lilios
721 3897 853 3946 suorum
875 3879 1153 3962 infrascriptorum
1179 3886 1332 3944 executo-

240 3995 313 4044 rum
329 3995 367 4044 ac
383 3981 526 4062 magistri
541 3980 704 4046 Francisci
719 3978 872 4056 Siminex,
888 3979 1117 4055 Bruxeliensis,
1142 3987 1173 4044 et
1190 3977 1332 4060 Philippi

240 4078 363 4152 Genua,
379 4079 610 4144 Trndonensis.
626 4079 700 4144 Vult
715 4086 820 4142 autem
836 4064 920 4142 idem
936 4078 1086 4144 dominus
1102 4085 1237 4143 testator
1251 4077 1332 4142 bur·

239 4176 345 4242 sarios
360 4177 574 4244 assumendos
587 4187 732 4260 tempore
748 4175 930 4256 huiusmodi
945 4175 1176 4258 assumptionis
1188 4183 1219 4240 et
1231 4190 1330 4258 prae·
