3130 4942
743 420 953 510 -trass

287 615 432 674 sanetum
455 590 651 676 Germanum
677 613 839 678 Montibus
865 611 1052 678 hannoniae
1080 609 1257 676 eanonicus
1281 615 1315 674 et
1338 608 1373 672 in

287 707 439 773 comitatu
461 708 680 775 hannoniensi
701 710 776 776 fidei
797 711 981 794 inquisitor,
1001 708 1086 775 obiit
1105 705 1271 773 Montibus
1287 709 1374 772 llan-

287 804 404 873 noniae
415 805 455 870 16
465 807 578 887 aprilis
593 808 684 872 1585.
698 809 829 874 Praeter
843 817 981 892 quatuor
995 809 1111 872 bursas
1127 806 1160 870 in
1175 805 1374 887 paedagogio

287 904 436 969 Falconis
457 912 491 971 et
512 913 648 988 quatuor
669 907 702 970 in
722 909 859 991 collegio
879 908 1036 973 Houdano
1059 905 1221 970 Montibus
1243 906 1374 970 Hanno·

286 1001 359 1066 triae
381 1002 525 1068 tenuavit
550 1013 686 1085 quatuor
704 1005 833 1082 bursas,
857 1013 888 1071 et
910 1007 1065 1088 quintam,
1089 1003 1116 1068 si
1141 1002 1227 1067 vires
1253 1001 1375 1066 residui

286 1098 471 1176 terrentia
493 1103 629 1184 collegio
651 1097 764 1184 majori
785 1105 1021 1186 theologorum,
1040 1101 1214 1184 quamlibet
1235 1099 1274 1164 56
1290 1098 1376 1164 Rhe-

287 1198 451 1276 nensium;
469 1201 521 1266 eui
536 1201 672 1283 collegio
694 1203 791 1268 etiam
805 1203 920 1285 legavit
942 1202 1044 1268 lihros
1059 1216 1139 1265 suos
1154 1198 1370 1280 theologieos.

287 1297 407 1361 Bursao
427 1299 461 1362 V.

331 1428 551 1507 ihilominus
568 1431 710 1508 Grauius,
727 1428 948 1508 Lov'auiensis,
966 1432 998 1496 S.
1015 1431 1050 1494 T.
1064 1431 1181 1496 ¹uector
1197 1437 1228 1495 et
1249 1427 1378 1508 collegii

289 1526 384 1608 huius
401 1545 544 1608 praeses,
563 1532 617 1611 qui
633 1531 712 1598 obiit
727 1532 848 1598 Romae
863 1533 882 1594 l
897 1532 1009 1613 aprilis
1021 1530 1115 1606 1591,
1129 1529 1271 1596 fundavit
1286 1527 1379 1592 anni·

283 1625 467 1690 'versarium
484 1628 711 1694 celebrandum
727 1629 759 1692 in
775 1630 904 1712 collegii
920 1631 1052 1696 saballo.

331 1755 382 1818 ht.
407 1757 543 1822 leonites
569 1760 634 1824 Van
656 1761 731 1840 liop,
752 1759 912 1841 virgarius
934 1759 1092 1824 ecelesiae
1114 1757 1381 1842 metropolitanae

289 1852 463 1934 Ultrajeeti,
477 1864 510 1922 et
537 1859 631 1922 Lucia
651 1857 792 1932 Virtutem
808 1857 940 1922 loannis
962 1857 1040 1932 filla,
1058 1856 1226 1938 conjuges,
1251 1863 1381 1937 praeter

289 1949 421 2016 bursam
438 1965 531 2018 unam
546 1955 710 2020 fundatam
732 1973 791 2038 pro
807 1956 953 2021 studioso
969 1956 1002 2019 in
1018 1955 1129 2036 subola
1146 1953 1248 2020 saneti
1264 1953 1382 2019 lliero⁶

290 2049 376 2130 nymi
392 2049 556 2133 Ultrajeeti
571 2054 745 2120 fundarunt
756 2055 886 2120 bursam
903 2055 943 2118 51
957 2053 1176 2119 Rhenensium
1192 2053 1225 2116 in
1240 2051 1381 2133 collegio

290 2146 405 2228 majori
420 2149 657 2232 theologorum.
674 2152 754 2217 Obiit
772 2153 913 2218 loannes
925 2153 992 2217 Van
1007 2152 1077 2234 Roy
1093 2159 1166 2216 aute
1182 2150 1221 2214 30
1236 2149 1382 2216 octobris

176 2277 178 2283 ι
291 2244 390 2323 1596;
407 2249 534 2314 vivebat
548 2257 625 2314 tune
640 2252 745 2318 adhue
760 2251 856 2316 Lucia
871 2243 1004 2316 loannis
1019 2251 1173 2316 Vinolen.
1193 2239 1293 2313 Bursa
1307 2250 1336 2312 Ι.

334 2342 423 2410 ilaue
434 2346 653 2414 fundationem
665 2349 1021 2416 auxitloetobrislbl3
1032 2352 1167 2415 loannes
1180 2350 1244 2413 Vou
1255 2346 1379 2422 Boetel,
1455 2405 1459 2412 .

232 2475 235 2482 ι
291 2441 437 2506 nemrius
452 2452 484 2508 et
499 2455 690 2524 procurator
704 2448 847 2528 supremi
862 2447 1052 2512 Brabantiae
1067 2446 1208 2521 eonoilii,
1227 2453 1380 2525 tanquam

235 2551 248 2577 ²
291 2538 446 2604 eobaeres
461 2543 653 2608 venerabilis
668 2545 789 2608 domiui
805 2561 842 2610 ae
858 2546 1001 2627 magistri
1020 2545 1149 2611 Henriei
1164 2545 1231 2608 Van
1253 2537 1379 2619 Box'tel,

289 2631 471 2716 presbyteri
484 2647 516 2704 et
527 2642 680 2719 pastoris,
697 2643 773 2707 dum
787 2643 923 2717 viveret,
938 2643 970 2707 in
985 2637 1104 2724 Yegem
1120 2643 1151 2708 et
1166 2640 1378 2716 smeerlibhe‚

290 2733 323 2796 in
338 2733 480 2802 dioecesi
497 2737 720 2805 Mechliniensi
737 2741 787 2820 (1).

332 2861 383 2926 55.
407 2867 561 2932 Antonius
587 2871 838 2946 hemmerami
866 2871 1073 2945 Lambreehte,
1101 2869 1181 2959 alias
1206 2868 1378 2945 humberti,

291 2953 377 3026 iilius
393 2963 556 3045 Gasparis,
575 2985 613 3032 ex
634 2968 829 3044 llietdreoht,
848 2978 958 3049 pastor
973 2968 1077 3033 saneti
1099 2968 1228 3048 Georgii
1243 2967 1379 3032 Antver-

290 3057 379 3138 piae,
411 3062 538 3144 ¹collegii
568 3066 699 3147 majoris
729 3065 890 3147 quondam
920 3068 1089 3142 alumnus,
1119 3066 1255 3147 eiusque
1284 3081 1380 3130 soror

289 3155 391 3221 Murio
416 3159 590 3238 hominene,
618 3163 766 3244 beggina,
798 3159 925 3244 praeter
950 3165 1081 3231 bursam
1110 3165 1150 3228 ll
1179 3161 1377 3229 florenorum

289 3253 394 3319 Garuli
410 3256 442 3319 in
465 3259 602 3340 collegio
626 3260 822 3327 standonieo
846 3263 1008 3328 fundatam
1032 3272 1128 3328 uuam
1151 3263 1323 3327 fundarunt
1344 3261 1377 3324 in

262 3367 270 3374 ·
290 3351 427 3434 collegio
443 3355 555 3436 majori
571 3358 796 3440 theologorum
812 3361 851 3424 50
866 3361 1075 3427 florenorum.
1093 3359 1191 3424 llaria
1206 3359 1378 3424 Lammens

290 3449 369 3515 obiit
391 3453 527 3516 antelli
547 3452 616 3534 julii
641 3457 738 3533 1596;
765 3455 923 3523 Antonius
948 3459 1128 3532 hammone,
1154 3464 1275 3538 pastor,
1299 3456 1380 3521 obiit

292 3547 331 3612 tt
346 3552 473 3631 augusti
489 3551 582 3616 1596.
598 3555 701 3618 Burro
715 3557 743 3619 Ι.

333 3675 383 3744 56.
412 3685 548 3748 loannes
577 3685 750 3766 Dupflreus,
781 3687 820 3752 ab
847 3688 985 3764 Hasselt,
1011 3641 1165 3754 ecelesiae
1189 3681 1379 3768 collegiatae

292 3776 403 3844 beatae
428 3775 545 3846 liariae
571 3783 711 3864 Virginis
741 3783 959 3868 'lrudonopoli
988 3777 1155 3880 plebanus,
1183 3802 1266 3850 antro
1297 3783 1378 3848 1598

278 3883 422 3954 praeter
442 3877 573 3944 bursam
594 3881 636 3946 48
656 3882 853 3949 florenorum
874 3885 907 3947 in
928 3884 1102 3956 seminario
1123 3881 1324 3949 Trudonensi
1346 3891 1382 3946 et

328 4053 371 4124 (1)
391 4052 499 4126 ldegem
511 4061 539 4114 et
553 4059 737 4130 Surueerhebhe¹
754 4063 813 4134 pres
834 4061 867 4118 de
884 4061 1001 4131 Nineve,
1024 4061 1233 4136 appartenaieut.
1248 4053 1378 4120 autrefois

280 4150 325 4200 ‘ou
339 4141 442 4202 diuehso
455 4145 488 4204 de
501 4147 624 4206 Melinos.
1245 4173 1247 4176 '
