3090 4956
752 373 936 436 -lee-

346 538 570 612 caeterumsi
593 554 674 619 quae
695 537 778 602 bona
801 535 975 601 immobilia
996 537 1046 601 vel
1069 536 1193 601 reditus
1214 551 1266 600 me
1281 550 1387 600 emere

295 638 440 720 'posthae
455 637 636 717 eontigerit,
653 637 694 700 de
708 634 772 699 illis
787 635 888 700 libere
905 635 1110 716 disponendi,
1130 635 1175 698 uti
1191 642 1223 698 et
1245 632 1386 697 mutandi

307 736 432 817 singula
458 735 630 815 praediola,
656 740 845 814 potestatem
873 732 949 796 mibi
976 749 1118 797 reservo.
1146 731 1177 794 Si
1205 747 1270 794 non
1296 730 1387 794 aliter

305 836 510 916 disposuero,
527 833 581 896 illa
602 849 716 898 reeens
733 839 908 912 conquesta
928 833 1023 896 etiam
1038 832 1153 895 cedent
1169 829 1299 894 haeredi
1316 845 1385 893 meo

306 933 465 998 antedicto
486 931 657 995 Laurentio
679 931 829 1004 llalderm
847 930 935 993 fratri
956 947 1039 1004 meo,
1056 929 1109 1010 qui
1134 928 1293 993 tenebitur
1315 943 1385 992 eum

193 1109 196 1114 Ι
306 1032 393 1094 omni
424 1029 633 1112 praeferentia
664 1037 781 1092 sartam
797 1033 925 1093 'teetana
951 1045 988 1092 ae
1016 1029 1171 1107 integram
1197 1043 1390 1090 conservare

307 1131 413 1195 dotem
443 1129 528 1192 illam
556 1113 741 1209 perpetuam
771 1127 865 1190 trium
898 1127 1030 1190 millium
1060 1126 1267 1200 florenorum,
1295 1141 1389 1205 quam

306 1228 442 1308 collegio
470 1243 541 1291 meu
567 1225 730 1290 constitui.
759 1225 815 1288 Cui
842 1232 958 1289 statuta
985 1234 1016 1289 et
1042 1225 1130 1305 leges
1156 1241 1228 1288 eum
1254 1223 1389 1288 oonsilio

303 1325 562 1407 jurisperitorum
578 1324 709 1389 intendo
725 1323 950 1403 particularius
967 1323 1205 1404 praescribere;
1222 1339 1305 1403 qnae
1320 1338 1388 1386 ser·

304 1425 372 1488 vari
388 1425 481 1489 etiam
499 1440 555 1503 per
571 1423 633 1487 hoo
647 1439 752 1486 meum
768 1428 992 1486 testamentum
1009 1422 1134 1485 ordino.

349 1524 461 1586 delum
478 1522 509 1583 in
534 1521 648 1601 palatio
665 1521 841 1601 episeopali
856 1520 1060 1601 Antverpiae‚
1080 1521 1131 1584 die
1154 1520 1192 1582 ld
1211 1519 1282 1602 jolii
1307 1535 1389 1583 annu

308 1621 432 1685 Domini
450 1619 540 1682 1633.

299 1897 300 1902 ἵ
349 1817 539 1880 Provisores
562 1815 688 1895 collegii
704 1823 795 1878 erant
819 1814 855 1877 ad
880 1813 976 1878 linem
999 1815 1118 1878 saeouli
1142 1815 1241 1895 elapsi
1259 1832 1390 1896 praeses

309 1915 560 1995 disputationum
584 1913 826 1977 sabbatinalium
850 1913 882 1975 in
907 1911 1080 1992 theologia,
1098 1914 1239 1978 decanus
1262 1915 1388 1994 capituli

225 2022 227 2031 '
310 2015 411 2078 saneti
429 2013 538 2078 Jaoobi
558 2013 684 2076 lovanii
708 2021 738 2076 et
762 2013 936 2092 proximior
959 2013 1218 2094 eorrsangnineus
1241 2013 1391 2077 illustris-

311 2112 382 2174 simi
399 2112 518 2176 domini
537 2111 726 2185 fundatoris,
745 2127 860 2190 nempe
885 2112 921 2205 R:
942 2113 976 2173 b.
995 2111 1208 2187 Versmissen,
1227 2119 1336 2191 pastor
1356 2111 1391 2173 in

312 2212 444 2276 Haelen.

354 2406 454 2486 Supra
474 2415 596 2498 portam
612 2405 739 2486 collegii
755 2406 919 2486 legebatur
935 2422 1073 2485 sequens
1089 2405 1255 2486 inscriptio
1273 2429 1280 2468 :
1299 2407 1334 2468 D.
1350 2404 1388 2469 0.

313 2506 352 2567 ll.
374 2503 378 2586 Ι
399 2505 567 2567 Couueerun
586 2503 591 2587 Ι
611 2523 815 2567 rsarmusrrns
837 2523 872 2567 ae
895 2504 977 2567 nurmi
999 2503 1046 2566 Dni
1066 2507 1071 2582 Ι
1090 2504 1126 2566 D.
1151 2506 1196 2567 lo.
1214 2505 1347 2568 Minoem
1368 2505 1373 2587 Ι

314 2622 359 2665 um
387 2601 541 2666 dnrvuur.
570 2604 601 2667 S.
629 2604 663 2665 T.
691 2603 727 2664 D.
755 2603 760 2679 1
787 2623 823 2666 aa
848 2622 981 2674 ououoau
1012 2621 1205 2666 raorussorns
1232 2604 1236 2685 Ι
1262 2622 1389 2667 rurulnu

313 2721 391 2764 aneu
411 2702 416 2782 1
437 2703 555 2764 Lovaun
576 2700 692 2782 11663.

352 2897 445 2962 Arane
469 2897 558 2971 1588,
577 2897 683 2962 die-26
696 2897 779 2977 julii,
796 2897 935 2962 ioannes
959 2899 1155 2972 llauebinns‚
1176 2897 1390 2978 arobiepiseo·

313 3013 372 3074 pus
388 2996 639 3071 llecbiiniensis,
654 2997 853 3060 ounseoravil
871 2997 970 3061 altare
986 2999 1017 3058 in
1034 2998 1155 3076 capella
1172 2999 1238 3062 sive
1250 2995 1389 3062 oratorio

311 3094 427 3157 domus
449 3111 504 3158 seu
522 3094 628 3173 palatii
643 3094 763 3158 domini
787 3095 891 3158 Caroli
908 3112 966 3158 van
983 3095 1044 3158 den
1061 3095 1201 3174 Temple,
1219 3096 1333 3176 equitis
1354 3110 1390 3158 ae

312 3194 471 3272 praetoris
494 3194 582 3257 urbis
604 3194 833 3268 lovaniensis;
859 3211 940 3275 quae
963 3195 1076 3258 dumus
1101 3204 1212 3274 postea
1236 3211 1388 3259 converse

310 3283 360 3354 e'st
375 3291 407 3354 in
423 3291 593 3372 collegium
610 3292 827 3356 studiosorum
846 3308 902 3370 per
918 3292 1169 3356 illustrissimum
1187 3294 1222 3354 ll.
1236 3297 1388 3357 loannem

310 3389 496 3466 llalderum,
513 3391 699 3470 episcopum
719 3391 1005 3469 antverpiensem
1024 3391 1053 3451 in
1071 3408 1133 3470 quo
1158 3407 1274 3455 novum
1291 3391 1388 3456 saeel-

310 3487 375 3552 lnm
400 3489 599 3552 aedilioatnm
623 3497 672 3551 est
693 3504 775 3552 anno
798 3488 889 3574 libb,
915 3489 973 3551 sub
998 3488 1145 3568 praeside
1170 3491 1387 3554 eruditissimo

310 3586 440 3650 domino
470 3587 617 3650 Gisberto
642 3587 782 3664 losepbo
813 3587 932 3667 Hagen,
962 3595 992 3650 ot
1019 3596 1109 3651 vetus
1136 3589 1289 3652 sacellum
1318 3604 1386 3652 oum

309 3685 400 3747 altari
413 3685 551 3748 dirutum
568 3684 637 3748 luit.
652 3685 686 3746 ln
700 3685 791 3748 altari
807 3685 890 3748 idem
908 3701 1038 3764 praeses
1051 3685 1197 3766 pyxidem
1211 3687 1385 3767 plumbeam

309 3783 430 3847 invenit
445 3785 551 3848 debite
573 3784 725 3860 clausam,
744 3783 775 3845 in
792 3800 893 3864 eaque
908 3784 1016 3848 literas
1032 3785 1064 3847 in
1081 3801 1272 3866 pergameno
1288 3785 1386 3865 serip-

311 3891 372 3952 tas,
391 3890 545 3946 testantes
568 3881 666 3947 altare
682 3883 782 3946 inisse
803 3891 1025 3946 ounseoratnm
1041 3883 1073 3944 in
1089 3885 1244 3948 bonorem
1264 3884 1384 3962 Septem

310 3980 461 4044 Dulornm
489 3981 649 4062 gloriosae
673 3965 810 4062 Virginis
832 3980 947 4046 Mariae
972 3991 1003 4046 et
1026 3989 1209 4046 sanctorum
1233 3983 1332 4046 Caroli
1355 3988 1384 4045 et

311 4080 431 4142 Annae.
