3130 4942
658 511 662 518 .
738 457 901 522 -68-

271 619 522 690 'secernerentur
547 630 640 704 atque
666 637 684 687 a
710 638 746 688 se
772 621 908 688 invicem
934 619 1217 702 distinguerentur,
1242 617 1360 700 quibus
1397 594 1435 704 ‚'

277 723 474 788 reverendus
487 720 636 786 dominus
650 721 864 802 praepositus,
875 719 990 801 quibus
1002 717 1197 783 venerabilis
1209 716 1362 782 dominus

277 823 430 897 decanus,
448 820 627 902 quibusque
642 819 791 885 domiuus
807 829 918 902 pastor
933 835 972 884 ex
986 817 1092 882 officio
1108 817 1294 884 celebraret.

318 920 354 983 ln
383 920 569 1001 magistrum
606 919 880 987 caeremoniarum
910 918 1031 983 electus
1064 925 1113 982 001
1149 915 1358 981 Sebastianus

277 1019 444 1085 Hustinus

317 1118 357 1181 01
378 1119 485 1199 aprilis
506 1115 599 1192 1607,
623 1115 759 1182 discedit
780 1115 936 1181 Martinus
958 1115 1122 1196 Princeps
1148 1117 1179 1180 S.
1196 1115 1231 1176 T.
1247 1114 1360 1178 bacca·

276 1217 405 1282 laureus
428 1210 582 1280 formatus
608 1223 640 1279 01
666 1214 842 1280 canonicus
867 1215 1070 1279 Nivellensis.
1096 1214 1131 1277 lu
1157 1213 1226 1294 eJ'us
1252 1213 1360 1276 locum
1431 1269 1441 1288 ,

276 1315 405 1396 eligitur
419 1313 586 1393 Philippus
601 1313 841 1378 Zoerendonck.
1137 1363 1144 1382 .

255 1405 258 1413 '
318 1411 605 1493 1000000111607,
629 1411 769 1477 loannes
794 1412 944 1488 Gemens,
968 1409 1245 1493 Sylvaeducensis,
1269 1407 1360 1489 eligi-
1412 1395 1418 1422 ⁸

277 1519 328 1576 tur
340 1511 373 1574 in
385 1511 489 1575 locum
505 1505 636 1574 loannis
649 1509 802 1584 Silvortii,
816 1509 956 1612 promoti
970 1509 1008 1574 ad
1021 1517 1217 1590 pastoratum
1233 1507 1265 1570 in
1279 1507 1360 1570 Haru-

278 1619 342 1674 tem
359 1609 462 1674 sancti
479 1607 588 1671 livini.

318 1708 333 1770 1
357 1706 639 1790 septembrtslbdl,
663 1705 800 1771 discedit
821 1701 965 1772 Andreas
988 1707 1031 1771 10
1051 1700 1178 1780 Waitte,
1204 1705 1357 1778 decanus,

276 1807 308 1871 S.
326 1809 360 1870 Τ.
378 1807 607 1871 baccalaureus
623 1805 788 1880 formatus,
806 1812 971 1886 promotus
987 1804 1026 1868 ad
1042 1812 1238 1885 pastoratum
1257 1793 1380 1866 sancti'

244 1921 252 1944 ⁴
277 1905 414 1970 Mauritii
435 1903 570 1977 lnsulis;
596 1903 650 1969 et
642 1921 675 1966 ru
691 1903 761 1984 eJus
783 1903 1005 1968 canonicatum
1021 1901 1165 1968 succedit
1178 1900 1360 1966 llverardus

276 2003 489 2078 Wacbtelaer,
505 2001 761 2082 Bergeyckanus,
779 2001 810 2076 S.
828 2001 862 2063 T.
880 2001 1142 2088 baccalaureus.

317 2101 337 2162 l
355 2101 531 2182 septembres
547 2099 638 2174 1607,
662 2099 820 2181 eligitur'
812 2117 845 2163 m
867 2099 1022 2164 decanum
1045 2098 1250 2163 Sebastianus
1274 2097 1360 2162 Hus-

276 2199 373 2274 tinus,
392 2199 423 2262 S.
441 2199 476 2261 Τ.
498 2198 726 2262 baccalaureus
749 2197 915 2274 formatus
933 2206 966 2263 et
987 2198 1019 2260 in
1041 2198 1227 2279 magistrum
1250 2212 1360 2261 caere·

275 2298 453 2363 monianum
469 2297 634 2376 Philippus
651 2296 895 2361 Zoereudcuck.

319 2396 548 2476 complanans
574 2393 666 2468 1607,
690 2393 827 2460 discedit
852 2395 891 2458 ad
918 2394 1036 2459 Urbem
1060 2403 1092 2459 et
1112 2393 1360 2458 Universitatem

276 2495 492 2566 Parrsrensem
506 2493 647 2558 loannes
659 2493 812 2569 Vasseau
831 2493 862 2556 S
890 2493 925 2555 T.
940 2492 1168 2558 baccalaureus
1191 2493 1358 2557 formatus.

315 2691 346 2752 5.
359 2691 436 2756 Acta
446 2689 502 2752 cub
515 2689 629 2752 dcccco
642 2688 822 2755 Sebastiano
835 2691 978 2754 11001100.
990 2690 1082 2753 Anac
1098 2689 1190 2766 1608,
1204 2689 1237 2752 10
1250 2688 1359 2754 locum

192 2861 195 2870 .
272 2788 405 2854 loannis
435 2789 575 2852 Vesseau
604 2787 732 2868 cligitur
768 2789 943 2853 canonicus
973 2788 1131 2852 llenricus
1161 2786 1357 2867 Heymbeck.

274 2886 353 2952 Item
381 2887 491 2950 Petrus
516 2885 699 2966 Reisingius
731 2884 935 2950 constituitur
964 2885 1124 2960 notarius,
1156 2894 1188 2950 et
1215 2885 1354 2949 lacobus
1442 2955 1446 2966 ,

274 2985 480 3058 llombaerts,
504 2983 782 3064 Sylvaeducensis,
800 2984 1029 3048 thesaurarius.

314 3085 431 3148 Eodem
460 3101 559 3159 cuno,
591 3081 776 3146 discedente
805 3082 942 3172 Antonio
968 3081 1081 3147 Vossio
1110 3082 1150 3145 ad
1181 3081 1357 3163 segontiam

271 3183 431 3260 Falconis,
459 3182 587 3264 eligitur
600 3181 739 3246 loannes
761 3182 914 3256 Vasseau,
928 3183 982 3264 qui
998 3183 1137 3248 redierat
1158 3200 1196 3248 er
1216 3183 1302 3247 Urbe
1323 3191 1357 3248 01

273 3280 487 3346 Universitate
502 3278 687 3343 Parisiensi.
701 3279 763 3344 Sed
778 3280 867 3344 brevi
880 3290 952 3361 post
968 3280 1019 3345 bio
1033 3281 1148 3345 iterum
1164 3281 1284 3345 recedit
1300 3280 1357 3344 ad-

274 3381 414 3460 scriptus
430 3379 462 3440 in
478 3394 645 3442 numerum
661 3378 854 3443 sacellorum
870 3379 1002 3443 altaris
995 3396 1027 3442 rn
1043 3379 1113 3443 aula
1129 3379 1358 3444 serenissimo·

274 3495 344 3544 rum
370 3477 552 3558 principum
578 3476 678 3557 Belgii
704 3477 881 3581 Bruuellis,
910 3478 1001 3560 eique
1027 3478 1171 3542 succedit
1197 3478 1359 3542 Antonius

274 3575 387 3655 Paper,
403 3573 589 3656 mugiensis.

315 3674 354 3736 05
369 3675 442 3754 maji
436 3672 548 3747 1,·608
559 3673 757 3738 0000100001
772 3674 917 3739 canonici
933 3691 971 3738 ex
983 3625 1131 3738 omnibus
1143 3674 1234 3738 lestis
1246 3675 1359 3740 beatae

273 3769 390 3836 llariae
411 3771 552 3852 Virginis
568 3787 666 3834 unum
682 3771 876 3852 eligendum,
895 3773 979 3854 quod
995 3773 1128 3853 speciali
1154 3773 1359 3838 solemnitate

273 3878 490 3950 perageretur,
508 3874 540 3933 et
556 3867 677 3950 eligunt
693 3868 755 3933 lest
742 3877 808 3932 tum
825 3870 1072 3956 Assumptionis.
1376 3855 1381 3861 ¹

316 3965 405 4030 Circa
425 3966 658 4048 idemtempus
674 3967 813 4032 discedit
835 3969 992 4034 llenricus
1015 3970 1206 4051 Heymbcck,
1224 3970 1361 4036 Bruxel-

272 4064 386 4140 lensis,
415 4064 446 4127 S.
474 4063 507 4126 T.
535 4064 764 4130 baccalaureus
793 4061 959 4142 formatus,
991 4068 1043 4149 qui
1074 4077 1147 4148 post
1175 4069 1361 4134 discessum

273 4162 414 4244 sigillum
436 4161 469 4224 in
481 4177 558 4227 aere
574 4162 677 4244 sculpi
694 4162 762 4228 suis
781 4164 962 4244 sumptibus
978 4173 1068 4247 curat
1083 4166 1253 4244 Bruxellis,
1271 4169 1361 4248 quod

272 4259 349 4328 dein
364 4259 504 4342 capitulo
519 4260 716 4326 transmittit.
