3058 4952
714 213 723 254 1

745 462 931 525 -110-

613 743 675 816 at.
697 741 862 814 0666666
887 764 934 813 66
961 740 1057 812 Bar.

344 956 390 1027 (16
408 954 556 1048 college,
578 953 667 1026 ainsi
694 953 818 1048 appele
846 955 893 1026 du
921 978 1002 1025 nom
1030 954 1163 1034 deson
1191 950 1378 1021 fondateur
1507 1047 1509 1062 A

293 1071 446 1164 Jacques
464 1070 508 1140 'de
526 1068 617 1164 Bay,
634 1069 836 1163 professeur
854 1070 897 1141 de
916 1069 1097 1162 theologie
1116 1073 1137 1137 6
1154 1064 1378 1136 l'Universite
1508 1067 1509 1160 ᾗ

293 1185 337 1256 (16
355 1181 528 1268 Lourain,
549 1183 730 1277 president
748 1185 797 1254 du
823 1184 959 1277 college
986 1183 1030 1255 de
1058 1181 1186 1254 Savoie
1214 1189 1250 1251 et
1268 1203 1377 1251 neveu

294 1300 342 1371 du
368 1298 507 1370 celebre
525 1298 727 1392 professeur
746 1298 879 1370 Michel
903 1300 946 1370 de
975 1298 1067 1394 Bay,
1090 1322 1128 1369 se
1146 1297 1303 1368 16666611
1320 1318 1379 1365 666
1508 1303 1509 1310 ³

296 1418 340 1483 de
368 1415 570 1512 1161666661,
591 1416 622 1482 6“
639 1417 716 1483 6616
745 1413 791 1483 (16
820 1413 955 1507 college
984 1409 1379 1484 (16116661611161611
1508 1411 1509 1414 ’

296 1528 587 1622 661661661666661
604 1528 741 1598 (1661166
765 1551 837 1599 666
856 1529 1036 1599 616616616
1054 1551 1097 1598 66
1115 1525 1306 1618 theologie.
1328 1525 1378 1596 On

298 1643 416 1715 (166611
445 1667 470 1738 y
500 1644 686 1726 admettre,
721 1667 764 1713 en
790 1644 943 1736 premier
973 1643 1057 1729 lieu,
1086 1642 1139 1713 les
1165 1648 1310 1736 parents
1335 1639 1377 1708 du

297 1757 498 1842 fondateur‚
519 1759 579 1852 qui
598 1757 788 1851 pouvaient
807 1764 919 1829 meme
936 1758 1031 1852 jouir
1053 1759 1115 1828 des
1144 1757 1292 1827 bourses
1309 1754 1378 1825 fon-

299 1875 381 1947 dees
399 1897 464 1966 par
479 1873 500 1944 J
504 1895 634 1967 acques
649 1873 693 1944 (16
708 1871 785 1968 Bay
802 1895 892 1966 pour
905 1872 1032 1945 161666
1049 1873 1093 1944 (16
1110 1873 1145 1943 16
1163 1869 1378 1965 philosophie

299 1988 582 2082 6666666161666
610 1989 646 2059 16
672 1987 866 2082 theologie.
886 1986 940 2059 En
968 1989 1098 2059 second
1123 1987 1193 2058 1166
1220 1987 1378 2058 66661661

299 2106 392 2176 deux
410 2091 660 2186 16666616166,
676 2105 749 2198 qui,
767 2107 856 2198 po'ur
870 2110 945 2176 6166
963 2103 1076 2176 admis
1095 2109 1116 2175 6
1134 2103 1168 2176 16
1181 2104 1378 2198 jouissance

300 2219 362 2290 des
380 2220 539 2305 bourses,
558 2219 723 2290 (16661661
741 2220 842 2290 66616
859 2221 1010 2291 termine
1028 2219 1104 2290 leur
1122 2243 1226 2290 cours
1246 2219 1289 2288 de
1307 2217 1376 2310 phi·

197 2349 204 2358 '
300 2334 513 2428 losophieet
535 2357 572 2405 66
598 2342 766 2428 66666666
792 2338 814 2404 6
841 2335 999 2406 66666616
1016 2334 1058 2405 16
1078 2334 1242 2426 66616166.
1265 2329 1377 2402 Parmi

300 2457 380 2520 tous
398 2472 455 2520 666
475 2449 631 2543 6666166,
649 2472 737 2519 ceux
751 2449 810 2538 qui
829 2449 970 2519 avaient
988 2449 1050 2520 fait
1068 2448 1164 2519 leurs
1182 2446 1376 2519 humaniter

301 2587 347 2636 66
361 2564 497 2658 college
511 2564 616 2635 d’hth
630 2564 793 2635 (16661661
808 2569 883 2634 6166
897 2563 1054 2657 66616666
1063 2568 1171 2635 61666
1187 2563 1238 2634 166
1253 2572 1376 2635 autres.

596 2807 621 2868 l.
644 2837 684 2854 -ν
707 2807 883 2870 1166661166
904 2808 946 2870 (16
968 2808 1088 2888 6611666.

344 2987 520 3068 Collegium
539 2987 602 3052 hoo
624 2986 755 3053 exordia
778 2986 943 3067 primaque
959 2995 1076 3051 statuta
1090 2987 1247 3066 accepite
1268 2988 1380 3052 Jacoho

298 3087 345 3152 de
359 3088 439 3167 666,
464 3102 575 3153 666666
601 3085 783 3165 theologiae
805 3087 939 3150 doctore
960 3101 998 3150 66
1021 3085 1205 3166 professore
1229 3087 1331 3167 regio,
1346 3086 1381 3148 ad

303 3185 411 3248 divum
427 3184 554 3247 Petrum
570 3183 701 3247 Lovanii
723 3184 881 3248 canonico
904 3193 935 3248 et
956 3181 1092 3258 decano,
1111 3201 1236 3249 666666
1260 3183 1381 3265 collegii

303 3281 472 3347 Sabandici
488 3283 646 3362 praeside.
665 3281 894 3363 fallunturque
909 3283 963 3362 qui
979 3299 1016 3346 66
1038 3283 1225 3348 adscribunt
1241 3281 1379 3348 Michadli

302 3382 343 3446 de
368 3382 444 3461 Bay,
473 3381 676 3446 celeberrimi
703 3381 844 3445 nominis
868 3381 1019 3462 theologo
1046 3389 1078 3446 et
1100 3398 1158 3461 per
1178 3381 1379 3462 quadraginta

302 3496 404 3544 annos
421 3478 609 3559 professori,
627 3478 737 3544 ,166661
753 3488 879 3558 patruo.

345 3578 474 3643 Emerat
499 3577 628 3658 quidem
657 3577 804 3651 11166661,
832 3577 909 3641 dum
932 3577 1065 3652 viveret,
1093 3577 1223 3642 domum
1249 3577 1380 3658 aliquam

304 3676 397 3741 sitam
411 3676 450 3739 ad
463 3676 601 3756 heydam
618 3676 710 3752 (forte
722 3675 880 3750 eamdem,
894 3676 927 3738 in
940 3693 1001 3756 qua
1013 3677 1090 3742 olim
1103 3677 1274 3758 collegium
1287 3673 1382 3740 666611

305 3772 499 3854 Hieronymi)
515 3773 714 3838 instituendo
731 3773 850 3838 ibidem
866 3775 1003 3855 collegio
1019 3775 1131 3839 aliisve
1148 3773 1382 3840 fundationibus

305 3872 368 3936 huc
390 3872 622 3936 transferendis
645 3872 705 3937 sub
729 3874 827 3937 tutcla
850 3873 1047 3937 sanctissimi
1064 3874 1226 3939 Ecclesiae
1248 3869 1384 3938 doctoris

306 3969 408 4033 sancti
429 3969 618 4050 Augustini;
643 3971 813 4051 eidemque
828 3970 966 4051 collegio
988 3971 1188 4051 praefecerat
1209 3965 1384 4035 66661611

304 4066 459 4132 iacobum
470 4067 806 4146 ianssoniumsaorae
819 4067 1001 4150 theologiae
1013 4069 1250 4150 doctorem‚qui
1263 4069 1384 4134 decimo

305 4166 416 4247 quinto
446 4165 682 4246 praesidentiae
707 4183 793 4232 anno
813 4167 895 4232 ‘hinc
923 4167 1051 4232 transiit
1077 4168 1115 4232 ad
1141 4165 1385 4248 praesidentiam
