3130 4942
774 460 976 538 -72-⁴

310 621 401 706 quasi
418 623 556 704 quodam
568 623 719 705 capitulo,
733 624 838 690 visum
850 633 899 691 est
911 624 987 688 mihi
999 640 1062 690 non
1079 623 1236 705 ingratum
1249 623 1391 689 futurum

309 722 418 788 etheo
431 722 492 802 ipsi
509 730 540 787 et
556 723 710 804 Deiparac
724 723 857 806 Virgini,
875 723 903 788 si
919 740 977 805 pro
990 721 1152 789 nonnullis
1164 721 1392 788 festivitatibus

310 820 511 886 celebrandis
541 822 714 888 canonicos
745 822 888 904 ejusdem
917 821 1048 902 capituli
1077 821 1259 902 pecuniaria
1285 820 1392 902 aliqua

310 919 537 985 distributione
558 921 763 986 honorarem.
780 923 872 986 Festa
894 927 999 986 autem
1021 921 1101 984 haec
1123 928 1209 995 sunt,
1226 919 1258 982 in
1275 917 1392 1000 quibus

310 1017 455 1099 ejusdem
478 1017 606 1098 capituli
626 1019 809 1100 praeposito
831 1017 969 1084 odicium
985 1019 1017 1082 in
1039 1017 1109 1100 eius
1125 1017 1286 1082 erectione
1308 1016 1392 1081 assi-

310 1123 439 1198 gnatum
456 1123 516 1193 est,
534 1133 648 1197 nempe
664 1117 816 1193 Paschae,
835 1118 1053 1194 Pentecostes,
1069 1115 1262 1182 venerabilis
1278 1115 1392 1180 Sacra-

311 1215 420 1292 menti‚
438 1214 675 1296 Assnmptionis
697 1216 807 1281 heatae
829 1217 957 1290 Mariae,
978 1215 1125 1280 Omnium
1149 1215 1337 1278 Sanctorum
1360 1221 1392 1277 et
1456 1207 1459 1214 ’

310 1309 432 1378 Natalis
450 1312 584 1377 homini.
598 1313 735 1394 Assigno
751 1321 856 1378 autem
872 1314 1001 1380 cuilibet
1016 1313 1129 1379 horum
1146 1313 1299 1378 festorum
1315 1327 1392 1392 qua·
1464 1373 1469 1380 .

310 1417 385 1474 tuor
399 1409 540 1475 florenos
554 1411 792 1476 distribuendos
805 1413 866 1476 hoc
882 1412 976 1481 modo
992 1435 999 1475 :
1014 1411 1230 1493 praepositus,
1246 1410 1273 1474 si
1286 1425 1344 1490 per
1355 1425 1392 1474 se

312 1506 451 1572 officium
476 1507 580 1573 facere
602 1507 751 1589 dignatus
773 1509 878 1584 fuerit,
896 1510 1030 1592 accipiet
1046 1526 1103 1591 pro
1119 1509 1231 1591 primis
1246 1505 1392 1588 vesperis

312 1603 395 1670 duos
411 1607 561 1681 stuferos
579 1624 637 1688 pro
653 1608 808 1673 matutino
828 1624 900 1673 cum
916 1608 1064 1673 laudibus
1086 1618 1222 1689 quatuor
1238 1606 1390 1678 stuleros‚

311 1723 372 1788 pro
385 1706 482 1770 missa
495 1723 591 1787 supra
604 1707 796 1788 stipendium
813 1725 851 1772 ex
864 1717 953 1789 parte
964 1709 1089 1789 collegii
1101 1707 1296 1788 assignatum
1309 1705 1391 1769 duos

312 1805 470 1882 stufer0s;
497 1805 572 1870 item
596 1821 653 1885 pro
676 1807 826 1871 secundis
841 1807 986 1890 vesperis
1008 1807 1089 1871 duos
1106 1807 1262 1882 stufer0s;
1286 1803 1393 1868 idest
1472 1883 1478 1892 ι

312 1903 408 1969 simul
430 1904 540 1969 decem
563 1905 714 1971 stuleros.
733 1906 879 1970 Decanus
901 1905 1037 1986 accipiet
1058 1905 1089 1969 in
1113 1905 1224 1986 primis
1246 1903 1392 1985 vesperis

313 2007 411 2067 undm
435 2005 588 2068 stuferum
611 2020 681 2068 cum
697 2004 813 2078 medio,
832 2003 863 2066 in
880 2003 1044 2073 matutino
1057 2020 1130 2068 cum
1153 2002 1301 2067 laudibus
1324 2008 1391 2066 tres

313 2100 463 2174 stuferoS,
481 2101 513 2163 in
532 2101 629 2166 missa
652 2119 750 2166 unum
773 2102 927 2167 stulerum
950 2119 1022 2166 cum
1048 2102 1166 2172 medio,
1183 2101 1215 2164 in
1239 2100 1392 2164 secundis

312 2197 388 2263 item
403 2198 547 2279 vesperis
564 2215 660 2263 unum
674 2199 827 2264 stuferutn
843 2194 916 2264 cum
932 2200 1054 2277 medio;
1073 2199 1168 2264 simul
1184 2207 1307 2290 septem
1323 2205 1391 2262 stu-

313 2296 399 2362 feros
412 2313 483 2361 cum
497 2297 613 2362 medic.
629 2299 801 2362 Duodecim
816 2299 963 2364 canonici
976 2299 1092 2380 singuli
1105 2299 1137 2362 in
1150 2296 1302 2362 matutino
1318 2313 1391 2362 curn

244 2404 248 2415 ‘
313 2395 461 2459 laudibus
483 2397 565 2460 duos
588 2397 737 2472 stuferos,
755 2397 900 2462 inmissa
919 2406 1024 2464 autem
1048 2399 1130 2463 etin
1154 2397 1264 2478 primis
1280 2412 1391 2461 acse-

312 2493 426 2557 cundis
451 2495 596 2574 vesperis
623 2511 720 2558 unum
746 2496 918 2573 stulerum;
947 2495 1042 2560 simul
1072 2495 1211 2576 quinque
1236 2495 1388 2560 stuferos.

311 2591 397 2667 Quae
412 2581 594 2658 distributio
611 2610 668 2674 pro
684 2611 741 2659 sex
756 2594 980 2660 festivitatibus
997 2612 1053 2675 per
1065 2611 1182 2658 annum
1198 2593 1343 2658 ascendit
1357 2592 1390 2654 in

311 2689 447 2770 singulis
462 2677 684 2757 festivitatibus
706 2695 745 2757 ad
760 2700 826 2757 tres
842 2693 984 2759 florenos
999 2693 1228 2775 septemdecim
1250 2691 1390 2756 stuferos

311 2804 383 2853 cum
401 2790 523 2866 medio;
549 2792 632 2857 unde
648 2792 711 2856 duo
734 2809 806 2857 oum
823 2793 927 2858 medio
950 2793 1073 2868 stuferi,
1092 2792 1145 2873 qui
1161 2798 1333 2872 supersunt
1351 2807 1391 2854 ex

311 2896 448 2969 quatuor
463 2890 604 2966 licronis,
619 2892 734 2956 cedent
749 2891 884 2957 diacono
899 2909 936 2956 ac
951 2892 1160 2962 subdiacono,
1174 2891 1228 2973 qui
1242 2891 1275 2953 in
1286 2888 1390 2954 ‘missa

311 2985 571 3064 ministraverint,
600 2989 660 3053 etsi
680 2990 765 3056 forte
787 3007 852 3054 non
874 2991 938 3054 sint
963 2990 1120 3064 canonici,
1145 2989 1280 3070 singulis
1304 3004 1389 3051 unus

311 3085 470 3161 stulerus3
490 3088 613 3152 medius
629 3094 733 3152 autem
750 3089 890 3153 stuferus
906 3091 996 3154 cedet
1011 3089 1179 3170 acolythis.
1420 3163 1426 3172 ³

349 3206 367 3242 «
380 3185 419 3248 Ut
435 3202 510 3249 vero
522 3187 554 3248 hi
571 3203 716 3267 sumptus
730 3188 839 3252 haberi
851 3189 986 3276 possint,
1005 3190 1097 3264 cedo,
1114 3172 1272 3268 relinquo,
1290 3185 1388 3258 dono,

310 3282 460 3347 omnibus
483 3277 600 3365 quibus
622 3302 754 3366 possum
778 3287 881 3352 modis
897 3287 1095 3364 melioribus,
1112 3286 1284 3352 donatione
1307 3284 1391 3347 inter

309 3379 411 3456 vivos,
429 3382 496 3445 sive
513 3383 606 3447 etiam
619 3377 724 3463 ‘pausa
748 3386 964 3466 mortiquuin
980 3387 1086 3461 etiam,
1107 3387 1134 3450 si
1150 3401 1232 3466 opus
1254 3391 1313 3457 est,
1331 3399 1391 3463 per

311 3478 440 3542 modum
460 3480 555 3560 legati
571 3481 802 3557 irrevocabilis,
820 3483 881 3547 nisi
897 3485 1045 3564 specialis
1060 3483 1129 3564 ejus
1147 3482 1264 3547 mentio
1287 3480 1390 3544 datin

310 3584 501 3643 testamento
514 3579 619 3660 aliquo
636 3589 743 3661 postea
756 3584 979 3661 concedendo;
997 3583 1040 3648 ita
1056 3592 1090 3648 ut
1104 3583 1283 3665 generalem
1299 3597 1391 3646 revo-

310 3675 469 3741 cationem
485 3677 591 3742 ominis
606 3677 828 3759 dispositionis
843 3689 936 3746 antea
948 3681 1050 3747 factae
1065 3682 1188 3762 cupiam
1205 3681 1237 3744 in
1250 3680 1311 3744 hac
1326 3679 1391 3744 dis·

311 3774 469 3853 positione
482 3775 629 3841 effectum
645 3796 709 3843 non
721 3780 841 3858 sortiri,
855 3763 1118 3862 vel‘quocumque
1130 3781 1193 3845 alio
1206 3780 1301 3850 modo
1318 3795 1393 3859 pos-

309 3871 411 3949 sibili;
429 3875 520 3950 cedo,
544 3877 684 3958 inquam,
710 3879 867 3960 relinquo,
891 3879 987 3955 dono,
1013 3881 1083 3961 lego
1113 3879 1236 3960 majoriv
1251 3877 1392 3960 collegio

312 3973 534 4054 theologorum
551 3977 589 4040 ad
603 3993 684 4056 opus
700 3979 955 4060 praedicti-qnasi
973 3980 1100 4061 capituli
1115 3989 1146 4062 el
1161 3977 1392 4043 canonicorum

313 4071 344 4134 in
356 4070 434 4136 Alba
446 4073 552 4155 Longa
564 4083 736 4156 sequentes
749 4077 882 4152 reditus,
897 4095 978 4159 quos
995 4079 1139 4159 pecuniis
1152 4077 1232 4142 meis
1248 4077 1394 4158 propriis

311 4176 342 4235 et
357 4171 488 4252 proprio
502 4171 611 4238 labore
626 4190 663 4237 ac
679 4175 872 4253 parcimonia
887 4177 1053 4258 acquisitis
1068 4174 1248 4255 comparavi
1267 4191 1274 4238 :
1292 4256 1296 4264 Ι
