3100 4938
412 479 421 520 ,
728 477 770 486 -
791 439 851 504 aaa
873 476 915 486 -

298 594 300 599 ’
319 606 387 669 Huc
403 603 574 684 collegium
590 601 621 666 in
639 602 734 683 pleno
750 620 810 670 suo
826 609 909 667 statu
933 608 1002 668 erat
1017 601 1050 665 iu
1066 601 1264 682 saepedicto
1280 617 1364 666 anno

279 703 376 780 tal&
394 719 432 768 ex
448 719 511 784 quo
527 707 671 782 tempore
693 702 773 767 nulli
789 702 863 768 novi
886 701 1024 767 bersarii
1048 708 1123 766 suut
1144 700 1288 776 admissi,
1306 701 1363 766 sed

278 803 331 884 qui
347 815 424 867 tunc
440 801 472 865 in
494 800 703 881 possessione
726 808 829 878 eraut,
846 800 992 866 diffluere
1008 787 1159 880 paulatim
1175 806 1362 880 coeperunt,

178 910 181 916 '
273 910 310 972 ,et
325 901 454 983 quidem
470 916 581 964 eorum
598 899 795 970 novissimus
805 898 843 964 'ln
864 915 975 964 mense
990 899 1152 964 decembri
1168 915 1254 976 auno
1271 898 1364 962 taso.

190 1047 192 1049 -
277 999 326 1064 hd
348 999 432 1080 quod
455 997 686 1070 inconveniens
708 997 828 1062 dictum
850 996 1022 1078 collegium
1046 997 1191 1078 pervenit
1214 1013 1252 1066 ex
1268 1013 1365 1078 saepe
1400 1037 1406 1045 ·

222 1145 237 1190 p
275 1101 340 1184 jam
366 1098 450 1163 dicta
476 1096 735 1176 supervenientis
766 1096 966 1177 praesidiarii
990 1096 1103 1161 militis
1134 1096 1363 1177 hospitatione,
1432 1137 1451 1149 -

278 1197 406 1278 quaein
424 1197 486 1261 boc
501 1193 638 1276 collegio
654 1195 843 1278 gravissima
859 1205 890 1259 et
906 1194 1201 1276 sumptuosissima,
1220 1209 1366 1274 praeser-

279 1299 334 1360 tim
351 1295 503 1376 equitum,
522 1294 590 1358 luit.
608 1291 664 1357 Cui
687 1293 826 1357 accessit
849 1293 953 1358 dictae
968 1293 1062 1384 villae
1086 1309 1143 1357 seu
1168 1291 1315 1357 coloniae
1330 1291 1364 1355 in

278 1394 396 1476 oppido
419 1391 606 1482 hovaniensi
629 1398 714 1455 tanta
731 1408 769 1455 ex
792 1391 964 1456 insolentia
989 1391 1118 1454 militari
1132 1390 1237 1466 ruina,
1257 1395 1290 1455 ut
1311 1390 1365 1453 vix

278 1493 364 1556 illins
380 1492 548 1573 vestigium
565 1489 717 1570 supersit,
735 1490 862 1554 excisis
876 1490 980 1554 etiam
993 1490 1144 1555 omnibus
1166 1489 1253 1555 illius
1270 1491 1365 1555 arho-

279 1590 379 1655 ribus.
403 1591 440 1654 Et
463 1589 558 1654 trium
581 1589 714 1656 aliarum
737 1589 885 1655 villarum
908 1587 1063 1653 aedificiis
1086 1588 1227 1669 iugentia
1250 1589 1366 1654 damna

279 1689 408 1754 luerunt
422 1689 520 1762 illata,
537 1687 727 1768 illarumque
743 1695 774 1752 et
789 1687 931 1752 omilium
949 1686 1084 1756 aliorum
1109 1687 1282 1752 lurrdcrum
1298 1687 1365 1751 cul-

279 1779 349 1852 tura
365 1788 504 1863 deserta,
521 1785 656 1850 decimis
682 1791 812 1866 quoque
834 1785 1008 1865 praedictis
1031 1787 1062 1848 in
1086 1802 1168 1868 pago
1191 1787 1231 1850 de
1247 1787 1367 1852 Brecht

278 1873 553 1958 cessissemusne
577 1891 610 1948 ua
632 1882 707 1948 tune
730 1883 874 1962 pluribus
895 1863 987 1948 alanis
1011 1882 1089 1946 unm
1115 1893 1170 1948 au
1191 1883 1364 1948 admodum

267 1985 429 2064 exiguum
446 1982 567 2064 percipi
583 1982 735 2064 potnerit.
753 1983 908 2047 Retentus
931 1982 1141 2048 nihilomiuus
1158 1983 1190 2046 in
1214 2001 1252 2049 eo
1269 1983 1367 2064 huius

279 2083 406 2164 collegii
421 2082 611 2163 praesidens
624 2097 681 2146 seu
698 2087 816 2156 rector,
831 2081 886 2162 qui
902 2088 970 2146 erat
984 2089 1017 2146 et
1031 2081 1136 2146 adhuc
1152 2087 1202 2146 est
1217 2082 1367 2148 dominus
1411 2155 1416 2168 ¹

277 2191 312 2247 et
331 2181 483 2262 magister
498 2177 665 2244 Cornelius
687 2178 815 2253 Reneri,
840 2179 1026 2254 Goudanus,
1051 2196 1161 2244 sacrae
1183 2180 1368 2260 theologiae

198 2299 206 2304 ·
277 2281 401 2354 doctor,
420 2295 492 2343 cum
509 2277 692 2343 necessaria
709 2277 837 2351 familia,
855 2279 1055 2359 uusquequo
1072 2273 1260 2360 alioquinin
1279 2279 1366 2360 peri·
1483 2356 1489 2368 Ι

279 2379 352 2445 culo
367 2377 479 2442 ruinae
495 2385 564 2441 erat
579 2377 699 2441 dictum
716 2375 898 2462 collegium,
923 2377 1008 2458 qnod
1033 2377 1103 2454 hac,
1115 2375 1239 2442 ratione
1258 2377 1292 2440 in
1308 2391 1367 2442 sua

278 2476 460 2557 integritate
475 2482 700 2540 conservatum
716 2483 776 2550 est,
794 2473 939 2556 quamvis
962 2475 994 2538 in
1018 2475 1127 2540 multis
1147 2473 1292 2556 partibus
1309 2493 1367 2541 no-

279 2575 367 2640 tabili
388 2575 590 2654 reparatione
606 2573 757 2654 indigeat.
775 2575 834 2665 Qui
858 2564 1046 2654 praesidens
1069 2591 1197 2642 omnem
1221 2575 1368 2640 adhibuit

279 2689 409 2754 operam
427 2689 639 2753 magnumque
655 2681 818 2752 sumptum
840 2671 915 2736 lecit
937 2672 1204 2754 proquibusdam
1227 2691 1265 2738 ex
1278 2673 1368 2740 villis

280 2772 467 2854 reparandis
490 2771 649 2836 aliundis
672 2771 710 2835 ad
734 2771 891 2836 culturam
913 2771 1108 2854 redigendis,
1133 2773 1190 2837 sed
1214 2789 1279 2838 non
1303 2789 1368 2854 quc

272 2871 420 2952 ‘speravit
435 2887 589 2935 successu
607 2887 664 2950 per
687 2877 822 2934 mortam
843 2869 1060 2950 jumentorum
1083 2879 1114 2936 et
1138 2871 1366 2952 perdurantem

276 2963 463 3034 ¹discursum
480 2967 662 3043 militarem,
679 2969 722 3032 lta
745 2977 779 3040 ut
801 2969 906 3033 adhuc
922 2968 1070 3050 exiguum
1087 2969 1139 3044 sit,
1158 2970 1244 3050 quod
1261 2987 1299 3035 ex
1315 2969 1368 3036 his

279 3069 366 3132 villis
382 3077 414 3132 et
430 3066 730 3152 lundispercipitur
745 3075 777 3130 et
791 3067 896 3131 adhuc
911 3067 1031 3148 percipi
1050 3069 1192 3148 poterit„
1253 3091 1258 3101 ·

322 3167 356 3230 ln
381 3182 442 3246 qua
458 3165 651 3246 perdurante
666 3166 727 3229 hac
741 3165 928 3230 difficultate
944 3165 1129 3245 provisores
1145 3167 1222 3231 dieti
1237 3167 1367 3250 collegii

280 3283 353 3330 cnm
379 3264 511 3330 domiuo
538 3265 741 3344 praesidente
767 3275 1000 3344 convenerunt,
1030 3276 1063 3331 ut
1092 3279 1152 3331 suo
1177 3277 1306 3348 sumptu
1332 3269 1366 3333 in

280 3365 417 3446 collegio
433 3363 583 3426 familiam
599 3363 662 3427 alat
678 3372 709 3428 et
723 3372 896 3429 consuetas
912 3365 1132 3446 eleemosynas
1156 3375 1308 3446 praestet,
1332 3365 1365 3429 in

262 3459 460 3528 subsidium
484 3478 542 3544 pro
565 3461 712 3527 custodia
735 3471 767 3526 et
789 3463 946 3544 regimine
968 3464 1084 3528 doinus
1106 3463 1152 3527 ilii
1168 3464 1365 3546 assiguando

155 3638 159 3644 ,
280 3580 319 3628 ex
345 3561 555 3643 proventibus
585 3561 713 3642 collegii
743 3562 902 3628 ducentos
933 3563 1076 3629 florenos
1103 3552 1262 3645 tantisper
1288 3565 1364 3630 dum

265 3651 363 3726 'bona
379 3658 505 3741 collegii
522 3659 649 3740 plenius
664 3659 811 3724 restituta
828 3667 859 3725 et
883 3661 1053 3742 collegium
1075 3663 1115 3742 ad
1137 3653 1277 3728 veterem
1302 3663 1367 3728 tor·
1441 3708 1452 3723 ,

281 3773 363 3821 mam
380 3758 509 3822 redacta
525 3767 629 3823 erunt.
1323 3789 1324 3792 ¹

321 3857 423 3938 liujus
439 3857 565 3938 collegii
581 3857 767 3938 provisores
783 3866 858 3927 snut
874 3858 1030 3940 plebanus
1046 3859 1147 3924 sancti
1165 3859 1250 3926 Petri
1266 3862 1364 3926 Lava·

249 3976 253 3991 ·
279 3949 1364 4042 niensisetpracsideussabbatinarumdisputationumintheologia.

320 4046 518 4136 (Eutrot'tdu
533 4055 825 4139 repperientes!
841 4055 892 4120 des
907 4055 1033 4139 colltpes
1043 4056 1092 4142 alc
1114 4056 1309 4124 l'Unt'oersitt
1331 4059 1367 4123 de

279 4155 420 4217 Lcuvut'n
436 4153 593 4232 eu1589).
669 4217 673 4224 ,
