3100 4938
716 522 757 532 —
771 431 837 548 tat
859 515 901 530 -ω

267 651 414 717 undecim
428 657 513 716 retro
526 648 823 732 praeteriebamus,
837 658 867 716 ct
879 639 1105 730 aliquot'etiani
1117 665 1175 730 pro
1188 649 1350 729 pluribus,

266 749 307 812 ita
320 749 405 830 quod
421 748 507 813 dioto
523 747 659 829 collegio
671 763 710 812 ex
722 747 787 810 illis
799 745 977 812 debeantur
988 745 1117 812 circiter
1128 746 1209 810 4700
1221 747 1348 813 ilorcui.

307 847 456 912 Coactum
470 845 526 910 luit
538 846 658 911 dictum
670 845 841 925 collegium
856 853 969 911 contra
979 843 1147 912 dominum
1159 845 1199 920 de
1211 845 1349 926 urupez,

163 977 165 980 ·
267 963 363 1011 uuum
379 963 419 1010 ex
434 943 551 1008 lamilia
567 945 607 1008 de
622 944 823 1017 Garondelat,
840 943 873 1006 io
895 943 1094 1024 parlamento
1109 943 1349 1018 Mecblinicnsi‚

265 1055 341 1110 tuuc
355 1042 504 1107 Namurci
519 1042 694 1117 residente,
712 1041 799 1106 litem
811 1057 878 1120 *pro
902 1041 1166 1108 antecedentibus
1181 1029 1350 1123 arriragiis

263 1143 432 1208 instituere
447 1140 647 1224 gravissimis
664 1140 863 1221 sumptibus;
881 1155 962 1220 quae
983 1139 1112 1220 quidem
1127 1148 1272 1220 exparte
1288 1157 1348 1220 pro

251 1243 349 1322 ,dicto
365 1239 502 1322 collegio
517 1238 685 1312 terminata
700 1246 761 1313 est,
777 1238 835 1303 sed
852 1254 915 1305 non
932 1239 1045 1320 plenae
1061 1239 1244 1304 executioni
1259 1255 1347 1304 mau-
1412 1289 1423 1293 -

262 1341 346 1405 datu.
829 1384 831 1387 -
1099 1346 1102 1352 ’

304 1439 391 1514 Quae
405 1437 576 1504 solutionis
591 1437 762 1502 difficultas
777 1445 808 1502 et
825 1435 969 1502 delectus
985 1452 1023 1500 ac
1037 1436 1268 1518 superveniens
1277 1437 1345 1518 jam

224 1573 228 1576 ·
262 1535 495 1618 saepedictum
511 1535 707 1617 praesidium
724 1535 907 1600 militarem
923 1551 1020 1600 causa
1043 1535 1111 1610 luit,
1129 1535 1216 1616 quod
1231 1552 1345 1602 omues

206 1663 210 1670 ¹
260 1636 400 1702 bersarii
416 1635 531 1700 dimitti
546 1634 726 1710 debuerint,
743 1641 774 1698 et
789 1633 821 1696 in
844 1632 934 1698 dictu
953 1633 1090 1714 collegio
1112 1633 1152 1697 ad
1167 1633 1254 1700 illius
1270 1651 1345 1700 con·

261 1734 476 1802 servationem
491 1734 582 1799 solus
597 1732 786 1812 praesidens
802 1731 961 1797 retineri..

302 1832 379 1898 Cum
395 1829 689 1912 quopraestdeme,
707 1847 748 1896 ne
763 1829 833 1910 eJus
849 1829 1140 1912 retentlccollcgic
1154 1829 1249 1896 nimis
1264 1847 1342 1897 one·

168 1962 170 1966 ·
259 1947 335 1996 rosa
352 1936 451 2004 essct,
470 1947 527 2011 per
542 1928 726 2010 provisores
747 1933 945 1992 transactum
963 1934 1028 2019 cst,
1046 1933 1080 1992 ut
1105 1935 1232 2008 praeter
1252 1945 1343 1994 com-

260 2029 355 2095 moda
380 2028 464 2093 horti
489 2045 528 2093 ex
553 2026 709 2092 reditibus
734 2025 862 2108 collegii
886 2025 1020 2091 liaberet
1044 2033 1173 2092 centum
1198 2027 1342 2094 florenos

258 2122 395 2202 annuos,
420 2125 537 2207 quibus
558 2141 618 2190 suo
644 2132 773 2205 sumptu
796 2124 829 2188 in
851 2123 938 2190 dicto
961 2124 1099 2206 collegio
1125 2141 1200 2190 sese
1226 2125 1339 2200 aleret,

171 2217 189 2286 .’
258 2232 354 2309 prout
368 2224 442 2290 lecit
457 2241 557 2305 usque
572 2224 611 2287 ad
627 2223 744 2288 testum
759 2223 898 2289 Bavonis
920 2223 1096 2290 novissime
1118 2225 1338 2306 praeteritum.

299 2323 396 2404 Cujus
412 2321 601 2403 praesidens
616 2320 675 2386 luit
689 2321 840 2387 dominus
862 2327 894 2386 et
916 2321 1070 2404 magister
1081 2313 1222 2390 loannes
1244 2324 1341 2389 Kom-

259 2423 391 2496 merius‚
404 2421 571 2501 utriusque
583 2419 666 2500 juris
681 2419 815 2496 dcclcr;
832 2420 887 2501 qui
902 2428 975 2502 post
990 2420 1171 2486 discessum
1188 2422 1341 2502 praesidii

258 2518 415 2594 militaris,
432 2518 549 2582 abhinc
564 2517 692 2582 circiter
706 2517 849 2594 biennio,
868 2517 1062 2600 procuravit,
1080 2527 1115 2583 ut
1130 2519 1246 2584 iterum
1261 2537 1341 2587 con·

257 2615 467 2682 stituerenlur
477 2615 626 2690 bursaril‚
640 2616 695 2697 qui
711 2633 835 2682 comeo
848 2615 980 2682 indicto
993 2617 1129 2698 collegio
1143 2617 1338 2693 babitarent,

230 2780 234 2796 ,
257 2715 315 2781 scd
330 2723 437 2790 tamen
452 2728 510 2778 sua
532 2713 660 2795 propria
675 2713 796 2795 quadra
811 2713 966 2782 viverent.
980 2732 1023 2786 cx
1039 2715 1194 2780 reditibus
1210 2717 1340 2799 collegii

209 2810 212 2820 '
256 2813 415 2895 recepturi
435 2829 525 2878 suam
548 2812 690 2886 bursam,
713 2829 795 2894 quae
818 2819 867 2878 est
888 2812 1023 2894 triginta
1040 2829 1097 2878 sex
1118 2813 1336 2891 florenorum

254 2911 309 2993 qui
325 2911 390 2976 duo
405 2909 543 2975 bursarii
559 2909 664 2974 adbuc
693 2911 733 2976 de
748 2911 909 2991 praesenti
925 2919 1000 2976 sunt
1022 2911 1055 2974 in
1077 2910 1163 3000 dicto
1185 2912 1334 2994 collegio.
1402 2964 1408 2974 .

254 3009 417 3074 Praelatus
442 3014 519 3074 vcro
548 3009 735 3089 praesidens
764 3009 905 3075 loannes
933 3009 1195 3074 Kommerlusin
1224 3019 1338 3078 mense

253 3106 378 3173 octobri
394 3106 571 3173 novissimo
587 3122 626 3170 ex
640 3107 701 3182 bac
715 3107 778 3171 vita
794 3107 945 3172 decessit.

293 3205 480 3271 provisores
494 3213 526 3270 et
540 3204 723 3270 visitatores
738 3205 815 3270 dicti
837 3205 976 3289 collegii,
994 3212 1185 3271 occurrente
1200 3207 1259 3272 hac
1282 3225 1337 3274 va·
1407 3232 1411 3236 ·

251 3304 378 3370 catione
393 3304 498 3369 dictae
513 3298 759 3384 praesidentiae,
776 3304 1020 3370 communicatis
1043 3304 1188 3390 consiliis
1206 3305 1336 3388 judica·
1385 3341 1389 3346 ·
1427 3299 1446 3390 ‚j

229 3408 365 3487 verunt
393 3402 578 3493 consultum
609 3417 684 3467 esse
712 3402 875 3470 abstinere
903 3419 921 3468 a
949 3401 1168 3468 nominatione
1200 3403 1347 3470 alterius·

251 3500 478 3579 praesidentis,
495 3499 806 3581 praesidentiumque
822 3501 1005 3586 huiusmodi
1027 3501 1067 3564 ad
1089 3501 1209 3582 aliquot
1229 3517 1337 3568 annos

250 3597 461 3678 suspendere,
479 3597 635 3678 tantisper
653 3599 777 3672 saltem,
794 3597 899 3665 donec
919 3597 1022 3680 major
1044 3614 1198 3663 numerus
1218 3599 1336 3667 bursa-

131 3745 137 3758 .
250 3693 371 3760 riorum
392 3695 493 3776 recipi
516 3695 644 3776 poterit,
668 3702 701 3760 ut
726 3695 786 3761 bac
807 3696 931 3768 ratione
952 3703 1106 3778 sumplus
1122 3697 1251 3778 collegii
1273 3699 1337 3762 mi-

248 3800 402 3868 nuantur,
429 3794 541 3872 debita
569 3795 750 3870 solvantur,
781 3801 813 3860 et
842 3794 1044 3876 potissimum
1073 3793 1179 3878 dictus
1208 3795 1336 3864 reditus
1413 3789 1418 3796 “

247 3889 515 3974 vigintiquinque
533 3891 742 3968 florenorum,
760 3893 803 3958 uli
827 3893 1052 3975 praemittitur,
1068 3893 1218 3959 venditus
1233 3894 1336 3964 citius

246 3984 445 4068 dequitetur;
463 4006 544 4071 quae
559 3989 629 4056 lieri
645 4007 710 4060 non
725 3999 870 4071 possent,
888 3991 1002 4082 sallem
1018 3990 1081 4056 nisi
1096 3991 1286 4060 difficillime
1301 4004 1337 4062 et

242 4080 447 4166 longissime,
465 4087 493 4151 si
515 4076 665 4169 expansis
686 4088 813 4169 collegii
829 4089 1016 4174 praesidens
1038 4089 1111 4156 cum
1133 4081 1254 4156 tamilla
1269 4100 1340 4160 sta-

245 4181 304 4246 tim
319 4183 361 4247 ali
376 4184 520 4266 deberet,
