3058 4952
731 455 919 518 -tou-

274 625 359 688 lauro
375 622 416 687 de
432 591 704 701 Monplainohant,
721 631 854 686 matrem
871 621 1045 696 Claudiam,
1063 621 1160 685 liliam
1178 621 1308 687 Hernici
1324 623 1363 686 dc

275 723 412 788 llousse.
440 721 524 784 Puer
554 721 809 802 tuxemburgum
835 720 1011 796 deductus,
1043 719 1140 786 isthic
1169 719 1363 802 aliquamdiu

275 819 434 886 enutritus
457 827 518 896 est,
535 818 639 883 donce
653 819 779 900 legatus
798 819 927 900 quidam
951 836 989 884 ex
1012 819 1163 900 Hispania
1186 820 1260 884 illac
1276 830 1362 884 tran⁴

276 919 364 984 siens
387 918 527 999 ¹petitum
557 918 686 998 hlylium
715 935 826 983 secum
855 917 889 982 in
918 918 998 983 alias
1028 917 1128 999 Belgii
1159 918 1360 999 provincias,

276 1018 393 1082 deinde
419 1017 452 1079 in
477 1016 661 1096 Hispaniam
688 1017 846 1098 perduxit.
876 1017 922 1081 Ec
947 1025 1052 1082 autem
1078 1016 1224 1096 pervenit
1248 1016 1379 1098 Mylios'

274 1133 358 1180 anno
375 1115 454 1178 laert
478 1131 550 1178 cum
568 1114 771 1179 Ferdinandc
787 1115 952 1190 Toletano,
969 1115 1051 1179 duce
1066 1114 1201 1191 Albano,
1219 1117 1361 1196 quicum

274 1215 351 1280 filiis
367 1214 436 1278 suis
450 1213 669 1294 paedagogum
684 1213 906 1289 adsumserata
924 1213 1085 1278 adhibitus
1109 1214 1227 1280 deinde
1241 1214 1275 1277 in
1290 1215 1360 1278 aula

274 1313 410 1393 Philippi
427 1313 466 1386 ll,
485 1312 570 1392 regis
586 1312 734 1386 caholioi‚
752 1312 916 1376 vertendis
931 1329 949 1377 c
965 1312 1140 1378 Teutonico
1157 1328 1309 1377 sermone
1329 1311 1358 1372 in

275 1412 484 1493 Hispanicum
508 1410 609 1474 literis
633 1419 664 1474 et
686 1411 818 1474 chartis.
835 1412 1006 1491 Expertem
1025 1411 1164 1493 coniugii
1184 1411 1280 1474 vitam
1297 1409 1360 1488 egit

274 1512 420 1574 Mantuae
436 1507 687 1588 Carpetanorum
706 1509 838 1586 (Mudrid
860 1509 957 1574 hodie
979 1515 1116 1588 vocant),
1135 1509 1261 1588 hospita
1281 1525 1359 1572 usus

273 1609 365 1673 vidua
390 1609 538 1689 quadam,
556 1607 607 1671 oui
631 1624 747 1672 norrren
769 1607 892 1672 blencia
909 1608 959 1671 del
983 1608 1133 1672 tlastello.
1152 1609 1358 1688 Mortuusque

272 1709 391 1772 ibidem
417 1706 563 1771 kalendis
585 1706 666 1786 junii
693 1705 784 1783 toan,
811 1707 979 1786 depositus
1005 1716 1066 1781 est,
1092 1717 1126 1771 ut
1146 1706 1299 1787 iusserat,
1325 1708 1356 1766 in

273 1807 393 1887 templo
415 1806 518 1870 sancti
541 1805 656 1869 Phlc...
674 1806 767 1882 (forte
789 1805 946 1886 Philippi),
960 1805 1083 1870 ordinis
1106 1806 1209 1870 sancti
1230 1807 1355 1886 hugus*

273 1909 343 1982 tini,
362 1906 525 1971 translatis
542 1905 668 1976 deinde,
686 1905 757 1986 ejus
777 1905 854 1969 item
871 1905 977 1986 jussu,
995 1905 1127 1970 ossibus
1149 1906 1182 1968 in
1203 1905 1355 1969 sacellum

272 2007 312 2070 ab
325 2007 394 2087 ejus
410 2005 498 2070 obitu
515 2014 546 2070 et
562 2004 649 2068 illins
665 1995 739 2068 aere
752 2009 831 2080 tocco
845 2005 978 2080 ducatis)
994 2013 1216 2069 constructum
1231 2003 1263 2066 in
1279 2003 1355 2067 aeda

272 2107 418 2171 Fratrum
441 2105 609 2168 hinorum.
626 2102 736 2167 Cetera
759 2105 799 2166 ad
822 2104 907 2167 hunc
923 2103 1024 2167 virum
1042 2103 1219 2182 spectantia
1240 2100 1355 2181 collige

154 2230 158 2237 ·
272 2221 310 2270 ex
334 2203 475 2283 subjecta
499 2200 639 2265 Cornelii
660 2199 802 2264 lansenii
828 2201 966 2281 epistola
989 2201 1027 2264 ad
1049 2200 1215 2265 Nicolaum
1236 2199 1356 2264 Veron«

271 2305 387 2376 laeum,
407 2301 542 2382 primum
558 2299 654 2380 hujus
671 2300 798 2381 collegii
816 2300 1020 2380 praesidem„

317 2399 533 2464 «Reverendo
560 2397 699 2462 dominc.
728 2397 851 2462 Literas
880 2406 1005 2462 vestras
1033 2397 1160 2480 (reliquo
1188 2397 1352 2461 denuntiat

271 2502 498 2580 morruacrt'ptol.

314 2602 412 2664 Porro
437 2591 563 2680 hylicis,
584 2598 723 2662 conditis
746 2597 798 2662 die
818 2597 837 2659 9
856 2597 993 2678 januarii
1015 2597 1096 2660 tneo
1117 2607 1278 2662 extremae
1299 2613 1353 2659 ros

270 2701 401 2764 luntatis
414 2698 542 2771 tabulis,
557 2707 630 2777 post
645 2699 747 2780 legata
763 2699 918 2777 quaedam
931 2697 1010 2760 satis
1022 2695 1173 2761 notabilia
1186 2695 1350 2766 soluenda.

269 2799 410 2878 reliquas
436 2814 527 2876 opes,
551 2813 632 2877 quae
659 2795 703 2859 illi
726 2813 823 2876 supra
851 2797 1004 2875 privatam
1031 2796 1189 2859 fortunam
1214 2794 1348 2866 luerunt,

271 2909 389 2981 utpote,
408 2895 618 2960 conticicntes
645 2895 929 2959 maravedisiorum
956 2894 1134 2969 muliones,
1164 2903 1197 2957 ut
1222 2902 1349 2964 vocant,

268 2996 435 3067 tredecim,
458 2994 554 3056 millia
580 3002 738 3072 n·ongcnta
763 2993 934 3073 nonaginta
957 3002 988 3056 et
1011 3009 1121 3066 unum,
1145 3001 1177 3056 et
1201 2990 1347 3072 quadrin

269 3103 384 3174 gentos
406 3093 516 3174 viginti
540 3103 572 3156 ct
594 3102 660 3156 tres
680 3093 720 3170 (id
743 3101 804 3164 est,
821 3108 897 3155 aere
920 3100 1032 3155 nostro
1050 3136 1140 3153 .......
1143 3094 1151 3169 l
1176 3090 1208 3152 io
1230 3088 1350 3168 collegii

271 3193 365 3256 unius
378 3209 468 3258 usum
482 3192 620 3272 reliquit.
635 3191 691 3253 «ln
706 3191 836 3254 residuo
846 3213 862 3246 o
875 3190 927 3268 (ita
940 3189 1037 3254 verba
1049 3189 1119 3270 ejus
1132 3206 1171 3253 ex
1183 3187 1351 3268 Hispanico

271 3291 393 3356 reddita
421 3300 547 3370 sonant>
571 3313 587 3347 a
604 3290 748 3354 omnium
775 3289 933 3352 bonorum
962 3304 1106 3352 meorum
1132 3287 1347 3355 immobilium,

272 3387 470 3453 »mobilium
501 3398 532 3452 et
562 3404 598 3452 se
626 3386 842 3458 moventium,
870 3386 945 3450 item
972 3385 1111 3466 jurium,
1138 3400 1351 3466 quaecumque

271 3509 288 3544 2>
305 3487 408 3552 babeo
424 3497 456 3551 et
478 3486 620 3553 habuero
643 3496 675 3550 et
697 3486 736 3548 ad
761 3502 811 3549 me
834 3484 995 3564 pertinent
1010 3501 1048 3548 ao
1063 3484 1279 3566 pertinebunt,
1297 3499 1349 3545 nor

270 3607 288 3642 »
305 3587 390 3648 mino
414 3597 445 3650 ot
467 3584 613 3649 institute
628 3584 765 3648 animam
789 3601 890 3648 meam
908 3601 965 3664 pro
990 3584 1161 3648 uniuersali
1186 3600 1256 3648 mco
1280 3584 1349 3646 hae⁴

270 3707 287 3740 »
304 3684 391 3758 rede,
410 3699 447 3748 ea
463 3683 533 3763 lege
557 3693 588 3747 et
610 3682 799 3755 intentione,
818 3691 851 3746 ut
866 3682 1019 3762 quidquid
1036 3683 1079 3746 ita
1098 3681 1348 3754 haereditaverit,

271 3803 288 3839 2>
304 3781 514 3846 distribuatur
526 3791 557 3846 et
569 3781 767 3860 expendatur
779 3780 811 3842 in
824 3780 997 3853 fundando,
1007 3780 1147 3844 dotando
1160 3789 1191 3844 et
1201 3780 1349 3860 erigendo

270 3879 441 3960 »collegio
458 3897 533 3955 uno,
550 3879 580 3942 in
598 3878 717 3960 oppido
734 3878 783 3941 vel
799 3877 1083 3958 hohemburgensi,
1101 3895 1119 3942 e
1135 3878 1227 3958 cujus
1238 3879 1348 3942 ducatu

268 3977 459 4042 »oriundus
477 3993 561 4053 suun,
579 3978 627 4041 vel
642 3975 826 4042 Trevircnsi
849 3975 978 4041 civitate
994 3975 1161 4056 imperiali,
1178 3980 1229 4042 vet
1252 3976 1347 4040 Lora-

268 4100 285 4134 »
302 4076 345 4138 nii
368 4079 401 4140 in
423 4077 540 4142 ducatu
556 4076 755 4148 brabantiae,
768 4075 938 4156 provincia
960 4075 1152 4142 Germaniae
1177 4076 1344 4148 int'crioris,

268 4199 286 4235 >t
302 4176 398 4240 rebus
414 4176 491 4250 inibi
515 4175 701 4256 pacificatis,
717 4175 815 4256 idque
828 4174 915 4255 Juxta
935 4173 1102 4240 arbitrium
1118 4187 1150 4241 et
1166 4175 1345 4256 dispositio·
