3036 4946
599 507 721 569 -att
748 543 785 552 -

192 671 400 734 Reverendus
416 680 447 735 et
463 671 655 734 venerabilis
668 672 819 736 dominus
832 680 863 736 et
877 672 1028 752 magister
1040 671 1153 734 Petrus
1169 671 1233 735 Van

151 769 210 832 den
225 770 331 842 ltaete,
352 769 516 849 utriusque
535 769 617 850 juris
640 770 765 845 doctor,
784 772 960 835 canonicus
979 768 1232 847 antverpiensis,

149 867 319 931 occasione
331 867 511 930 testamenti
524 867 685 947 quondam
698 869 819 932 domini
832 868 1036 933 ArnoldiVan
1051 867 1111 930 den
1127 867 1232 942 Daele,

151 965 199 1030 sui
225 965 339 1045 patris,
363 982 425 1046 quo
448 982 506 1046 pro
532 966 729 1048 pauperibus
755 967 912 1032 studiosis
939 975 1066 1031 centnm
1092 965 1234 1029 florenos

150 1079 273 1129 annuos
299 1065 470 1144 legaverat,
497 1065 566 1129 zelo
593 1065 725 1144 mpjoris
752 1065 880 1147 pietatis
907 1073 1025 1140 motus,
1053 1071 1235 1143 comparata

151 1163 246 1230 domo
261 1171 293 1226 et
307 1165 412 1244 amplo
428 1163 526 1228 fundo
543 1157 673 1244 apud'et
696 1165 775 1230 citra
791 1161 976 1228 interiorem
993 1173 1116 1243 portam
1133 1161 1235 1226 sancti

151 1259 304 1336 Quintini,
317 1278 422 1342 eoque
437 1262 709 1342 splendidissimis
726 1262 881 1330 aedificiis
898 1262 1047 1343 ampliato
1063 1270 1093 1326 et
1109 1269 1234 1335 ornato,

149 1359 182 1433 in
198 1375 283 1423 anno
300 1359 424 1423 Domini
441 1359 521 1423 1569
546 1361 645 1425 erexit
661 1361 830 1442 collegium
855 1378 913 1441 pro
936 1377 999 1425 uno
1023 1360 1234 1441 praesidente,

150 1458 320 1522 duodecim
335 1458 503 1534 burseriis,
524 1460 635 1538 partim
650 1460 684 1522 in
708 1460 880 1540 theologia,
907 1459 1021 1540 partim
1044 1460 1077 1521 in
1101 1468 1236 1538 utroque

147 1555 219 1636 jure
236 1566 331 1636 atque
347 1557 441 1621 etiam
462 1558 494 1620 in
518 1557 639 1622 artibus
661 1547 792 1638 operam
814 1558 948 1633 daturis,
969 1575 1030 1622 uno
1048 1555 1189 1636 portario
1204 1565 1236 1619 et

150 1655 276 1722 ancillis
292 1656 429 1724 duabus.
444 1654 534 1728 Quod
551 1657 678 1737 quidem
695 1657 866 1738 collegium
883 1657 1031 1720 fundator
1044 1656 1112 1735 ipsa
1127 1655 1159 1717 in
1172 1654 1234 1717 vita

152 1770 210 1817 sua
227 1755 266 1818 ad
284 1753 434 1819 eflectum
452 1756 613 1836 perduxit余
631 1756 728 1820 certis
751 1755 843 1819 annis
869 1772 926 1836 pro
944 1772 1003 1820 suo
1027 1753 1159 1817 arlntrio
1175 1754 1235 1816 hos

150 1852 400 1932 praesidentem,
418 1853 584 1918 bursarios
600 1863 631 1917 et
647 1854 796 1916 familiam
812 1854 901 1918 aluit.

189 1951 331 2014 Tandem
348 1951 496 2016 fundator
508 1969 567 2032 per
582 1968 675 2016 suum
691 1961 917 2017 testamentum
930 1960 961 2016 et
976 1949 1135 2016 codicillis
1151 1949 1236 2012 dioto

149 2049 288 2129 collegio
311 2043 449 2129 p'rovidit
472 2059 504 2114 et
530 2050 692 2130 provisum
717 2068 791 2116 esse
814 2051 916 2114 voluit
938 2051 977 2115 de
999 2050 1084 2114 mille
1105 2047 1236 2112 florenis

148 2149 277 2223 annuis,
298 2149 492 2229 assignando
516 2147 562 2210 illi
588 2148 747 2228 imprimis
774 2150 905 2213 invilla
930 2150 970 2213 de
996 2149 1114 2213 llerent
1143 2162 1236 2210 unam

122 2247 257 2310 'villam
281 2263 338 2311 seu
362 2247 521 2312 coloniam
547 2247 579 2309 in
603 2247 707 2312 reditu
733 2265 840 2313 annuo
863 2248 1062 2313 aestimatam
1085 2246 1236 2310 trecentis

148 2346 301 2420 florenis余
327 2345 402 2410 item
426 2362 523 2410 unum
548 2347 779 2418 molendinum,
802 2353 928 2411 necnon
951 2346 1044 2409 aliam
1068 2345 1236 2425 quamdam

148 2446 281 2508 domum
298 2444 330 2505 in
346 2444 464 2524 oppido
479 2443 691 2521 Lovaniensi余
709 2445 785 2509 item
801 2444 938 2509 reditum
954 2453 1081 2508 centum
1097 2443 1236 2508 floreno-

149 2559 234 2617 rum,
253 2559 346 2622 quem
363 2543 457 2608 debet
472 2552 565 2608 vetus
580 2543 750 2624 collegium
773 2543 1009 2624 sagittariorum
1025 2542 1234 2622 dntverpiae3

148 2643 225 2706 item
241 2642 378 2705 reditum
399 2643 610 2706 ducentorum
634 2641 843 2716 florenorum,
860 2658 952 2722 quem
977 2641 1071 2705 dehet
1087 2641 1237 2704 dominus

147 2741 189 2805 de
205 2739 398 2821 Bremaigne
420 2748 452 2804 et
474 2741 628 2820 quaedam
653 2741 724 2804 alia.
743 2741 828 2815 Quae
851 2739 956 2804 omnia
979 2749 1114 2804 testator
1136 2739 1237 2802 instar

145 2839 383 2906 aestimationis
399 2839 499 2903 taxari
515 2839 626 2916 voluit,
643 2847 673 2904 et
690 2839 764 2903 inde
787 2839 937 2904 constitui
955 2839 1058 2903 dictos
1074 2838 1161 2902 mille
1176 2837 1236 2902 flc-

143 2955 244 3004 renos
267 2955 408 3017 annuos余
433 2938 472 3002 ad
496 2955 632 3019 quorum
656 2939 925 3018 supplementum,
943 2938 971 3001 si
994 2937 1069 3018 quid
1093 2937 1233 3010 deesset,

141 3039 246 3102 voluit
269 3054 326 3117 per
342 3054 420 3102 suos
443 3037 600 3102 haeredes
623 3045 653 3101 et
675 3045 865 3101 executores
890 3054 928 3101 ex
952 3036 1023 3099 aliis
1045 3036 1114 3100 suis
1136 3033 1230 3099 bonis

137 3136 306 3217 suppleri.

186 3235 228 3298 Et
244 3236 330 3314 quia,
341 3235 645 3315 supervenientibus
660 3235 732 3298 istis
749 3234 852 3298 turbis
871 3245 902 3298 et
918 3235 1002 3298 dieto
1019 3233 1187 3298 fundatore
1202 3232 1235 3294 in

143 3333 267 3414 oppido
288 3333 514 3414 antverpiensi
537 3342 673 3406 retento,
698 3333 781 3396 idern
805 3333 955 3396 fundator
978 3331 1234 3395 animadvertens

143 3447 203 3510 per
220 3429 347 3494 turbida
369 3431 448 3494 haec
472 3440 615 3509 tempora
631 3430 801 3510 collegium
826 3431 982 3510 perbona
1005 3431 1049 3492 illi
1072 3429 1234 3510 assignata

141 3530 333 3594 interteneri
356 3546 420 3594 non
444 3546 552 3609 posse,
571 3539 602 3593 et
626 3538 791 3610 praeterea
813 3531 897 3611 quod
921 3531 1009 3595 fundi
1034 3539 1065 3594 et
1088 3527 1234 3594 aedificia

142 3629 233 3693 illius
261 3630 382 3693 interea
409 3629 598 3693 deteriorari
625 3639 769 3708 possent,
798 3639 829 3695 et
854 3631 938 3695 dicta
964 3630 1125 3710 assignata
1150 3628 1233 3691 hona

142 3728 256 3792 multis
273 3727 429 3791 reditibus
446 3737 477 3792 et
501 3727 654 3791 oneribus
678 3736 788 3792 essent
811 3730 958 3803 obnoxia,
977 3745 1034 3808 per
1050 3745 1127 3792 suos
1144 3725 1231 3792 codi-

140 3828 240 3891 cillos
256 3827 368 3902 voluit,
387 3828 471 3908 quod
488 3826 594 3890 omnia
608 3827 688 3892 haec
705 3828 865 3908 assignata
881 3829 964 3893 hona
981 3844 1039 3908 per
1062 3844 1140 3891 suos
1156 3826 1231 3889 hae-

140 3929 240 3990 redes
255 3937 286 3990 et
303 3933 492 3989 executores
508 3941 546 3988 ex
561 3926 840 4005 apparentioribus
855 3927 958 4007 ipsius
970 3926 1065 3990 honis
1078 3939 1232 3990 exonera-

138 4034 256 4090 rentur
278 4025 357 4088 etin
373 4040 411 4088 eo
428 4032 510 4088 statu
528 4034 733 4104 ponerentur,
750 4043 814 4106 quo
830 4035 920 4091 erant
935 4040 1008 4090 ante
1025 4027 1082 4090 has
1107 4025 1227 4098 turbas,

138 4132 172 4188 et
189 4133 311 4203 quanto
329 4123 435 4186 minus
451 4121 573 4187 interea
589 4123 759 4202 collegium
775 4141 813 4188 ex
829 4125 1001 4205 assignatis
1018 4125 1111 4189 bonis
1127 4123 1231 4205 porciu

141 4230 238 4301 peret
254 4237 312 4286 seu
329 4221 496 4301 percipere
512 4221 627 4301 possit,
645 4221 719 4285 inde
735 4223 950 4304 suppleretur.
