3014 4946
760 421 793 434 -
822 384 944 448 354-

312 549 420 622 Valck‚
438 549 483 612 als
499 549 652 614 weseudc
670 550 924 617 btoedtverwant
939 565 997 614 vau
1015 549 1054 613 de
1069 547 1306 613 voorscbrexen
1321 561 1386 610 exe-

312 655 454 722 cuteurs,
483 663 535 710 om
561 648 722 712 aenvauck
749 658 780 714 te
806 665 920 714 nemen
949 655 1011 712 met
1027 648 1088 712 den
1114 646 1233 710 derdeu
1256 644 1386 726 januarij

312 746 560 811 uaestoomende
576 746 633 810 des
646 746 732 828 jaers
749 747 891 812 sestbieu
907 746 1043 811 boudert
1058 742 1292 826 vpffenvystiuh.

352 843 419 908 Dus
440 839 580 925 bbjit'de
595 846 831 910 voorscbreven
853 853 1042 910 executenrs
1064 844 1307 925 ghereserveert
1329 841 1385 905 den

312 943 481 1007 acbterstel
499 943 555 1008 der
570 951 660 1009 rente
682 961 739 1008 vau
756 953 839 1010 twee
854 943 991 1008 hondert
1005 942 1121 1023 gulden
1135 939 1278 1022 jaerlijks
1294 956 1335 1020 op
1351 939 1386 1004 de

313 1041 398 1106 stadt
410 1059 470 1104 van
485 1043 650 1118 borentot
661 1043 815 1108 deutwee
823 1041 960 1124 junuarii
974 1041 1250 1106 eerstcommende
1263 1037 1386 1118 iucluip's

311 1147 343 1204 te
359 1140 530 1213 terraneo,
549 1157 599 1203 om
617 1139 668 1205 die
683 1149 736 1205 ten
752 1140 857 1222 eijude
872 1141 919 1204 als
934 1156 1014 1204 voor
1028 1148 1059 1202 te
1073 1137 1294 1220 ghebruijkeu.

357 1238 444 1303 Ende
469 1247 533 1303 mat
557 1237 707 1320 betaugbt
732 1240 772 1304 de
801 1248 891 1304 rente
920 1255 990 1318 rau
1007 1247 1090 1303 twee
1116 1237 1252 1310 boudert
1277 1235 1389 1316 gulden

310 1335 454 1418 jaerlijks
469 1354 510 1418 op
526 1337 565 1400 de
580 1335 705 1401 Staeten
723 1354 781 1401 van
798 1337 936 1400 Brabant
956 1336 988 1400 in
1008 1337 1029 1400 't
1044 1335 1184 1416 quartier
1198 1351 1259 1397 van
1274 1332 1300 1398 ’s
1318 1333 1408 1410 aar„

315 1435 575 1518 togbenbosscbe
600 1436 732 1500 worden
756 1437 817 1500 den
840 1436 958 1500 beeren
981 1451 1040 1500 van
1067 1432 1314 1514 d'Uuixersiteijt
1336 1431 1390 1511 vrij

315 1533 460 1616 gelaeten
476 1534 527 1600 die
542 1542 573 1600 te
589 1534 779 1611 morderem,
797 1551 856 1600 soo
878 1536 998 1600 baeren
1020 1542 1088 1598 raet
1103 1533 1156 1597 dat
1170 1531 1391 1614 ghedraeghen

316 1633 375 1699 sal.
388 1633 546 1698 Waerxan
558 1633 640 1698 ende
652 1650 711 1698 van
725 1634 764 1698 de
775 1633 979 1714 voorgaende
991 1643 1081 1700 rente
1093 1632 1145 1697 die
1156 1631 1391 1696 vcorschreven

198 1800 201 1804 ,
316 1742 529 1798 executeureu
545 1719 586 1798 de
606 1733 738 1797 brieven
760 1733 842 1798 ende
863 1731 1067 1797 bescheeden
1083 1730 1159 1794 daar
1174 1729 1206 1792 af
1218 1727 1393 1793 mentione-

317 1830 416 1896 rende
431 1841 495 1896 met
510 1831 572 1896 den
588 1839 694 1896 eerste
710 1831 813 1896 suiten
828 1830 911 1896 doon
926 1830 1143 1895 oxerieveren.

357 2027 450 2091 Anno
491 2027 615 2091 Domini
653 2027 823 2092 millesimo
863 2027 1096 2093 sexcentesimo
1132 2025 1413 2108 quinquagesimo

316 2133 443 2206 quarto,
468 2126 588 2191 mensis
611 2126 790 2196 decembris
813 2127 864 2192 die
885 2125 1008 2192 decima
1030 2125 1174 2208 septima,
1195 2126 1274 2188 hora
1298 2139 1394 2196 nona,

317 2224 435 2290 indicta
447 2236 479 2290 et
491 2235 616 2290 servata
628 2235 678 2292 est
690 2226 852 2306 deputatio
864 2225 1125 2299 extraordinaria,
1140 2224 1179 2288 ad
1191 2240 1286 2305 quam
1301 2223 1394 2288 etiam

316 2323 419 2388 vocati
435 2332 509 2388 suut
521 2323 641 2390 domini
658 2324 841 2405 provisores
854 2305 980 2405 collegii
992 2323 1193 2408 Brnegeliani
1208 2323 1247 2386 ad
1263 2321 1395 2386 audien·

316 2420 1397 2504 dumlegiconceptumactaeetconditionum,juxtaquasdominus

317 2519 509 2607 Laurentius
530 2536 591 2584 van
605 2521 731 2596 desset,
748 2521 941 2586 secretarius
959 2521 1097 2612 civitatis
1119 2517 1396 2602 Sylvaeduceusis

317 2627 350 2682 et
364 2618 515 2699 magister
530 2617 668 2683 Thomas
683 2636 744 2684 van
765 2619 965 2702 Hpusbergb.
983 2619 1127 2685 notarius
1142 2619 1174 2682 in
1190 2619 1303 2683 eadem
1319 2615 1400 2682 resi-

207 2793 215 2808 ,
318 2717 412 2792 dens,
429 2725 586 2798 tamquam
607 2729 795 2784 executores
813 2718 992 2784 testamenti
1008 2716 1222 2799 expertissimi
1238 2713 1399 2798 qnondam

318 2814 438 2880 domini
454 2815 602 2881 Rumotdi
618 2817 805 2892 Rombauts,
819 2817 994 2882 medicinae
1009 2818 1163 2892 doctoris,
1177 2817 1252 2880 dunt
1264 2815 1396 2886 viveret,

318 2913 372 2978 bio
383 2931 511 2996 qnoque
522 2925 721 2996 praesentes,
736 2915 873 2981 offerunt
885 2923 916 2980 et
927 2915 1125 2994 incorporari
1138 2922 1249 2996 petunt
1260 2922 1399 2995 quatuor

318 3009 433 3076 bursas
461 3030 519 3093 per
547 3013 722 3094 praefatum
753 3013 915 3078 dominum
951 3014 1125 3078 Rombauts
1154 3012 1315 3077 fundatas.
1348 3011 1397 3084 Et,

318 3110 425 3176 habita
437 3129 535 3192 super
546 3113 732 3194 praemissis
744 3109 1399 3194 dominorumdeliberatione,maguiticus

317 3209 470 3275 dominus
496 3221 602 3276 rector
628 3207 788 3277 conclusit
813 3210 915 3276 dictas
933 3211 1055 3276 bursas
1080 3210 1257 3278 secundnm
1284 3209 1402 3274 dictam

318 3315 421 3372 actam
438 3320 469 3374 et
484 3309 687 3375 conditiones
702 3319 792 3392 grato
807 3309 914 3374 animo
929 3309 1065 3385 admitti,
1078 3309 1235 3390 acceptari
1250 3315 1282 3372 et
1297 3307 1403 3371 incor·
1491 3389 1492 3396 ἵ

319 3409 439 3490 potari,
457 3416 551 3490 prout
567 3426 693 3491 qnoque
713 3416 919 3491 acceptantur
934 3409 1072 3473 bursarii
1088 3423 1184 3489 snpra
1200 3405 1358 3472 nominati
1373 3414 1403 3470 et

288 3501 290 3506 ’
319 3507 526 3588 praesentati,
543 3523 642 3588 agens
664 3506 836 3588 praedietis
859 3506 998 3571 dominis
1020 3505 1245 3572 executoribus
1268 3519 1401 3586 magnas

317 3603 437 3685 gratias
454 3621 511 3684 pro
526 3604 636 3670 labore
651 3614 683 3672 et
697 3623 772 3688 erga
787 3605 1032 3671 Universitatem
1047 3605 1172 3670 affectu.
1490 3605 1492 3726 1

361 3703 399 3768 Et
414 3705 446 3768 in
461 3706 613 3788 majorem
629 3706 922 3772 corroborationem
946 3707 1133 3790 magnificus
1153 3706 1302 3772 dominus
1328 3720 1404 3771 neo·
1491 3727 1492 3730 ¹

322 3804 533 3882 academici,
548 3805 601 3886 qui
615 3804 690 3870 buic
702 3804 899 3885 deputatioui
911 3801 1135 3882 interfuerunt,
1148 3812 1179 3870 ct
1190 3803 1267 3870 dicti
1282 3802 1406 3870 domiui
1490 3827 1492 3936 l

319 3912 511 3968 executores
527 3905 610 3968 banc
624 3903 803 3986 signarunt.
1491 3937 1492 3958 t

363 3999 438 4064 Erat
462 4002 685 4084 subsignatum
710 4018 718 4080 ς
746 4001 773 4064 J.
791 4001 904 4076 Rucur,
931 4017 989 4081 pro
1013 4009 1300 4081 campumbonum
1328 3999 1405 4063 Gna.

321 4097 383 4163 Vm
412 4099 531 4178 Wenx,
562 4101 624 4166 boc
652 4110 795 4182 tempore
828 4100 967 4165 decanus
997 4098 1153 4164 facultatis
1182 4098 1403 4179 theologicam
