3100 4938
748 381 968 452 -tta—.

340 566 357 602 »
373 542 454 608 Item
475 543 560 625 quod
587 543 777 625 praesidens
798 543 919 625 eligere
945 544 1063 624 poterit
1089 559 1148 627 pro
1174 559 1210 608 se
1235 542 1269 606 in
1295 542 1385 608 dicto

297 640 434 723 collegio
458 657 552 704 unam
575 657 734 706 cameram
756 641 818 706 sibi
841 641 943 723 magis
966 641 1157 722 placentem,
1176 646 1304 721 etpost
1322 640 1387 708 boc

236 809 240 817 ,
297 738 431 820 reliquis
446 737 603 803 burseriis
619 738 768 819 ordinare
780 739 859 804 alias
872 755 1018 804 cameras
1033 755 1107 804 cum
1119 737 1275 816 caminis;
1293 745 1390 821 pote-

297 837 403 919 ritque
418 837 451 900 in
467 853 529 902 una
545 852 672 902 camera
687 837 782 902 simul
799 838 881 903 duos
896 836 1060 902 ordinare.

339 959 357 996 u
372 935 452 1002 laem
473 935 577 1002 voluit
597 935 731 1016 insuper
752 943 784 1001 et
805 935 975 1011 ordinavit,
1000 934 1085 1017 quod
1110 933 1248 1017 singulis
1271 933 1390 1001 diebus

296 1035 376 1100 bora
389 1032 526 1114 prandii,
535 1033 716 1099 immediate
729 1039 802 1115 post
812 1034 998 1109 benedicite,
1007 1031 1264 1114 praesidens,vel
1276 1031 1392 1100 senior

289 1129 476 1209 ,bursalium
498 1130 530 1193 in
552 1127 626 1211 ejus
638 1131 794 1206 absentia,
811 1131 964 1196 astrictus
979 1130 1040 1196 erit
1055 1138 1087 1196 et
1101 1129 1262 1212 obligatus
1278 1130 1391 1213 legere

298 1245 398 1296 unum
413 1229 587 1309 capitulum
602 1229 635 1292 in
650 1229 764 1305 biblia,
782 1239 816 1296 ut
838 1229 1042 1296 occasionem
1063 1229 1200 1295 babeant
1215 1229 1248 1292 in
1273 1246 1389 1296 mensa

1439 25 1541 299 'i

297 1327 481 1408 disputandi
497 1335 529 1392 et
548 1327 750 1407 proficiendi,
768 1328 828 1393 sub
844 1344 947 1408 poena
963 1326 1060 1392 unius
1075 1325 1188 1391 stuteri
1204 1326 1387 1392 communi·
1423 1329 1429 1336 '
1539 1313 1541 1320 ’

298 1426 512 1571 tatidmensae
533 1425 800 1491 irremissibiliter
821 1427 936 1492 eodem
959 1432 1013 1490 aut
1035 1423 1183 1506 sequenti
1206 1424 1259 1490 die
1282 1425 1389 1507 appli-

298 1523 358 1573 can
383 1526 404 1569 1.

340 1605 495 1671 »Deinde
517 1606 676 1672 ordinavit
698 1607 809 1672 statuit
831 1614 863 1671 et
877 1605 991 1682 voluit,
1008 1605 1095 1687 quud
1118 1603 1255 1687 singulis
1270 1603 1389 1670 diebus

297 1703 567 1784 immediatepost
577 1704 745 1785 prandium
758 1712 789 1770 et
800 1711 875 1785 post
886 1718 1032 1779 coenam,
1047 1703 1075 1768 si
1088 1719 1153 1768 non
1165 1701 1388 1783 sitjejunium,

298 1801 375 1866 dicti
399 1801 588 1882 praesidens
611 1811 641 1867 et
663 1802 813 1866 bursales
837 1819 895 1882 pro
919 1801 1089 1867 fundatore
1111 1789 1334 1881 obligatisint
1357 1809 1390 1866 et

298 1899 443 1964 adstricti
458 1899 565 1980 legere
580 1900 723 1981 psalmos
745 1902 893 1965 Miserere
914 1901 973 1964 mei
998 1901 1081 1964 Deus
1103 1906 1135 1964 et
1157 1900 1203 1962 De
1219 1899 1391 1980 profundis

298 1997 427 2061 clamem·
450 1999 490 2061 ad
513 2005 541 2062 te
566 2000 703 2091 Domine,
724 2005 756 2064 et
776 1998 976 2078 praesidens,
991 1997 1042 2062 vel
1063 1997 1174 2062 senior
1196 1996 1338 2062 bursalis
1354 1996 1388 2060 in
1505 1987 1508 1996 '

298 2095 368 2176 eius
382 2095 539 2172 absentia,
548 2097 715 2162 collectam
731 2113 790 2178 pro
806 2095 975 2162 sacerdote
990 2091 1143 2162 defuncto
1158 2111 1233 2160 cum
1248 2095 1390 2162 collecta

298 2193 462 2260 communi
476 2195 681 2259 campeniae
695 2193 833 2276 terpiton.
927 2278 930 2287 Ι
1192 2195 1194 2199 ’

340 2315 359 2351 »
374 2291 455 2358 item
476 2291 636 2357 ordinavit
657 2292 793 2357 ulterius
816 2291 965 2358 dominus
985 2297 1133 2367 testator,
1150 2290 1236 2372 quod
1259 2291 1389 2371 praesi-

298 2389 379 2454 dens
394 2395 426 2454 et
441 2389 590 2456 bursales
605 2390 638 2453 in
654 2390 769 2472 plateis
784 2391 920 2456 honeste
935 2391 968 2454 in
982 2395 1074 2468 veste
1090 2389 1226 2455 honesta
1241 2396 1274 2454 et
1293 2388 1394 2453 cleri·

299 2487 360 2552 cali
376 2495 407 2552 et
422 2505 496 2553 eum
511 2489 639 2570 caputio
655 2489 830 2570 magistrali
845 2489 1006 2565 incedant,
1023 2505 1150 2554 necnon
1166 2487 1229 2570 ipsi
1244 2497 1277 2553 et
1292 2487 1393 2552 etiam

299 2587 534 2652 commensales
549 2587 636 2652 omni
652 2596 748 2652 nocte
770 2595 844 2652 ante
866 2587 993 2668 pulsum
1009 2603 1184 2668 campanae
1199 2587 1233 2650 in
1248 2585 1393 2668 collegio

299 2682 365 2748 sint
386 2692 418 2748 et
439 2684 599 2750 dormiant
620 2685 751 2762 ibidem,
770 2685 832 2750 nisi
855 2685 1049 2750 necessitate
1068 2677 1205 2765 propter
1229 2699 1387 2765 praesen-

298 2781 374 2845 tiam
390 2781 570 2864 aliquorum
586 2800 719 2850 suorum
734 2782 1050 2864 consanguineorum
1063 2782 1103 2846 de
1115 2782 1198 2848 scitu
1210 2788 1242 2848 et
1254 2781 1397 2863 speciali

298 2878 427 2954 licentia
439 2879 654 2960 praesidentis
669 2898 706 2946 se
719 2880 936 2956 absentarent,
954 2887 986 2946 et
1001 2881 1081 2945 alias
1098 2896 1175 2944 non.

340 2977 618 3059 »consequenter
639 2979 725 3044 idem
746 2978 897 3044 dominus
920 2984 1054 3043 testator
1076 2987 1108 3043 et
1130 2977 1280 3042 fundator
1303 2977 1399 3042 ordi·
1480 2981 1483 2988 '

299 3073 397 3151 navit,
415 3075 501 3156 quod
516 3075 636 3141 dictum
652 3093 746 3142 suum
761 3076 933 3158 collegium
954 3075 1069 3140 babeat
1091 3091 1191 3140 unum
1214 3073 1344 3140 fidelem
1362 3086 1399 3142 et

299 3171 450 3237 idoneum
466 3181 679 3254 receptorem,
697 3173 751 3256 qui
767 3191 824 3255 per
840 3175 944 3240 dictos
960 3173 1206 3240 commissarios
1221 3172 1397 3238 ordinabi-

299 3279 363 3347 tur,
377 3277 419 3345 et‚
434 3271 503 3335 suis
518 3272 722 3353 negligentiis
733 3273 783 3338 vel
799 3271 965 3362 demeritis
981 3271 1196 3353 exigentibus,
1206 3270 1398 3353 deponetur

299 3367 418 3433 totiens
434 3369 583 3450 quotiens
599 3369 647 3434 eis
661 3369 822 3439 videbitur
837 3369 1000 3450 expedire.
1018 3369 1078 3446 Qui
1094 3368 1259 3435 tenebitur
1281 3368 1332 3432 bis
1358 3369 1396 3434 in

299 3476 383 3531 anuo
398 3466 556 3532 burseriis
571 3467 611 3534 de
626 3474 723 3550 quota
737 3467 817 3550 ipsis
837 3475 1042 3550 competente
1057 3467 1236 3534 secundum
1252 3466 1399 3536 inferius

299 3562 447 3629 ordinata
462 3565 660 3632 satisfacere.
750 3602 754 3608 -
1072 3553 1075 3560 ’

341 3684 359 3720 n
376 3661 456 3728 ltem
477 3681 537 3745 pro
559 3664 662 3749 prima
677 3663 890 3742 institutione,
915 3664 1020 3745 quoad
1036 3663 1286 3746 praesidentiam
1308 3663 1414 3732 dicti·
1487 3723 1490 3728 i

300 3759 428 3842 collegii
454 3761 561 3828 dictus
586 3763 736 3829 dominus
761 3763 912 3832 fundator
933 3769 965 3828 et
989 3770 1126 3829 testator
1147 3761 1398 3844 praesidentem

299 3855 438 3937 primum
453 3859 623 3928 instituere
644 3861 757 3928 volens
779 3859 956 3928 nominavit
970 3868 1003 3927 et
1025 3861 1057 3926 in
1083 3861 1324 3943 praesidentem
1340 3861 1400 3928 in-

300 3952 391 4020 stitui
412 3956 525 4034 voluit,
548 3966 644 4041 atque
666 3957 805 4024 instituit
827 3959 1051 4026 honorabilem
1072 3958 1177 4026 virum
1200 3959 1401 4044 magistrum

299 4051 477 4122 lobannem
492 4055 684 4135 briodoens,
702 4057 782 4124 alias
796 4058 874 4139 llys,
891 4058 932 4126 de
950 4059 1127 4134 Turnbout,
1142 4056 1258 4125 artium
1271 4057 1402 4141 magis·
