3090 4956
285 487 293 534 ,
602 440 724 503 -tsa
752 475 792 483 -

150 604 183 666 in
198 596 274 668 urbe
286 603 481 684 Traiectensi
493 605 675 684 vicepastor
686 613 718 669 et
729 605 854 684 collegii
869 603 1029 667 llibernioi
1041 603 1234 685 Autverpiae
1276 659 1281 668 .

150 711 267 776 rector,
283 701 407 782 collegii
425 701 519 781 hujus
536 718 667 780 praeses
683 702 889 766 constituitur
902 701 940 764 19
953 701 1034 780 iunii
1051 700 1143 764 1731.
1161 703 1239 766 Gra-

148 801 224 864 dun
240 801 387 865 licentiae
403 801 435 862 in
451 817 541 874 sacra
558 801 719 880 theologia
736 801 872 864 obtinuit
888 801 906 863 8
923 799 1006 879 junii
1022 800 1113 863 1733.
1134 805 1235 865 carro-

140 899 243 964 ,31333
259 898 352 978 primi
365 899 509 963 subsellii
522 899 561 961 ad
574 899 679 962 divum
693 899 820 963 Petrum
837 909 868 963 ct
885 899 1122 978 protonotarius
1141 916 1236 978 apos·

148 999 275 1062 tolicus.
301 996 385 1061 Obiit
407 998 599 1071 [33331113
621 998 757 1090 collegio
774 1014 845 1072 suo,
863 998 899 1059 11
926 995 1108 1061 novembris
1134 997 1233 1074 1778;

149 1098 295 1175 33331333
308 1095 346 1158 ad
360 1096 466 1159 divum
480 1095 608 1159 Petrum
621 1097 651 1157 in
666 1097 784 1161 sacello
801 1097 903 1160 sancti
916 1096 1018 1159 Caroli
1037 1097 1230 1161 Borromaci.

191 1219 207 1252 u
222 1194 443 1269 Proverbium,
461 1195 504 1258 ait
519 1196 594 1268 Bax,
611 1195 810 1275 elampodt'um
825 1196 915 1268 Kent,
934 1212 972 1258 ex
988 1211 1027 1259 eo
1043 1195 1127 1274 quod
1152 1206 1237 1260 trac-

149 1303 324 1356 tumentum
340 1293 448 1356 datum
464 1310 527 1356 non
544 1293 645 1356 fuerat
661 1295 692 1356 13
707 1303 778 1357 3333
795 1294 983 1357 licentiae.»

192 1423 273 1485 Xlll.
299 1423 414 1486 Parnes
430 1425 545 1498 bflcva,
563 1424 787 1488 Kilmoriensis
814 1424 986 1498 Hibernas
1004 1423 1234 1486 3333176713

150 1523 273 1586 artibus
285 1539 303 1586 e
315 1523 395 1586 Lilio
408 1523 484 1597 35⁰⁸,
499 1540 611 1587 sacrae
627 1523 807 1603 theologiae
823 1522 1050 1586 baccalaureus
1066 1520 1233 1596 seiunctus,

151 1621 255 1684 factus
271 1620 408 1700 primum
424 1621 443 1683 9
458 1608 602 1684 octobris
618 1620 697 1682 1773
713 1621 878 1700 professor
898 1618 1121 1700 grammatices
1137 1618 1237 1682 Hallis

115 1731 123 1747 ·
150 1720 182 1782 in
200 1718 376 1793 Baunonia,
391 1719 538 1783 extinctis
552 1736 590 1782 eo
606 1718 914 1798 333373331113,331
930 1717 1047 1781 ibidem
1064 1716 1233 1793 docebant;

38 1829 39 1839 ¹
149 1816 226 1882 inde
241 1833 325 1880 anno
341 1817 419 1879 1777
444 1817 476 1879 13
500 1817 619 1882 scholis
645 1817 853 1898 3331133333
876 1816 1023 1880 similiter
1045 1815 1235 1894 antverpiae

149 1924 224 1996 post
240 1915 465 1980 extinctionem
476 1917 669 1980 lesuitarum
686 1928 810 1980 erectae
826 1923 926 1991 erant,
942 1913 1108 1994 professor
1124 1913 1234 1978 itidem
1348 1991 1352 1997 ι

149 2013 385 2094 grammatices.
402 2015 602 2090 33331778,
621 2015 659 2077 ab
676 2015 895 2078 illustrissimo
911 2012 1033 2093 Ignatio
1056 2011 1096 2076 de
1118 2011 1233 2086 Busca,

149 2111 394 2192 archiepiscopo
417 2101 586 2188 Emeseno,
603 2122 679 2176 tune
700 2131 758 2194 pro
774 2113 882 2193 Belgio
904 2111 1046 2177 inferiori
1070 2113 1108 2174 ad
1132 2112 1234 2175 aulam

149 2210 391 2274 Bruxellensem
418 2211 529 2274 nuntio
555 2212 744 2290 apostolico,
772 2227 810 2274 ac
835 2211 910 2274 dein
936 2227 1047 2274 333333
1072 2210 1234 2274 Romanae

148 2307 306 2372 ccclesiae
327 2303 492 2383 cardinali,
516 2308 709 2373 constitutus
734 2309 792 2372 fuit
814 2309 940 2388 collegii
967 2308 1063 2388 hujus
1085 2323 1231 2387 praeses,

149 2415 246 2486 atque
261 2406 294 2468 13
310 2407 550 2487 possessionem
567 2407 686 2470 missus
710 2405 748 2468 16
772 2406 954 2471 novembris
979 2405 1122 2486 ejusden
1147 2405 1232 2468 anni.

149 2504 312 2569 Licentiae
327 2505 458 2586 gradum
476 2506 508 2568 in
532 2522 623 2570 33333
645 2506 805 2587 theologia
830 2505 868 2568 13
885 2505 1034 2570 februarii
1050 2503 1127 2567 1781
1151 2503 1234 2569 obti-

149 2603 229 2667 nuit.
247 2601 331 2668 Obiit
347 2603 512 2668 subitanee
529 2605 545 2665 7
562 2603 743 2669 decembris
759 2603 851 2668 1791.

191 2733 272 2797 XIV.
296 2735 476 2798 Falacrscus
497 2753 514 2798 o
538 2736 652 2811 Herna,
671 2735 884 2800 bismorensis
900 2735 1070 2808 llibernus,
1087 2732 1231 2797 succedit

148 2833 246 2896 Petro
262 2833 370 2897 Macro
385 2833 475 2897 initio
492 2835 566 2896 anni
583 2834 673 2896 1793.
691 2835 782 2898 Aurio
805 2833 883 2896 7773
898 2833 930 2894 13
944 2832 1066 2912 artibus
1082 2847 1100 2896 e
1115 2830 1230 2910 paeda·

145 2930 241 3012 gogio
267 2931 368 2995 castri
396 2948 520 3008 nouus;
550 2932 716 3012 professor
739 2941 910 3013 syntaxeos
937 2930 967 2992 13
994 2927 1231 3008 3333313333-

146 3028 493 3094 31133113337313173113
517 3031 535 3091 1
557 3030 700 3094 octobris
725 3030 816 3103 1776,
842 3038 872 3092 33
895 3027 1089 3108 3331331333
1109 3025 1230 3090 mensis

143 3123 307 3189 admissus
322 3127 360 3190 ad
376 3127 549 3191 concilium
569 3128 728 3192 facultatis
750 3128 876 3190 artium.
895 3125 942 3188 Ad
959 3125 1142 3188 cathedram
1158 3123 1230 3188 rhe-

143 3222 264 3287 torices
287 3223 318 3285 in
342 3225 455 3288 eodem
472 3226 607 3306 collegio
624 3225 663 3288 13
680 3226 789 3305 aprilis
815 3225 889 3286 1781
916 3233 1095 3303 promotus,
1112 3222 1231 3286 ibidem

144 3323 257 3386 docuit
276 3325 430 3404 usquead
447 3342 564 3390 annum
581 3326 661 3389 1793
684 3327 857 3400 ineuntem,
875 3325 1002 3406 quarrdo
1024 3323 1231 3408 constituitur

143 3409 274 3502 collegii
290 3424 458 3501 pastoralis
475 3425 687 3488 hibernorum
704 3441 854 3505 praeses;
871 3423 987 3503 1613111
1004 3423 1146 3503 ejusdem
1155 3420 1230 3485 anni

145 3519 182 3584 fit
193 3521 393 3601 eloquentiae
406 3524 598 3588 christianae
611 3523 791 3603 professor,
807 3533 837 3587 et
849 3539 932 3586 3333
945 3521 1024 3584 1796
1036 3520 1227 3585 cathedralis

144 3620 321 3701 Brugensis
347 3623 532 3687 canorricus.
563 3622 1050 3686 113111333371313333133133333
1077 3621 1167 3695 1797,
1195 3619 1228 3682 13

144 3719 279 3800 patriam
295 3737 458 3795 reversus
475 3721 657 3800 parochiam
683 3722 784 3784 saneti
807 3721 946 3784 Thomae
964 3721 994 3781 13
1012 3718 1090 3782 urbe
1106 3718 1229 3781 Water·

143 3817 299 3880 fordiensi
315 3818 560 3894 administravit,
578 3819 686 3899 ibique
702 3817 780 3883 obiit
795 3817 832 3880 11
851 3818 994 3882 octobris
1011 3817 1102 3880 1891.

262 3997 324 4059 111.
348 3996 539 4060 Foedutt'ons
563 3997 731 4060 3333313333
753 3998 795 4059 du
817 3996 926 4075 colldpe
947 3994 1113 4058 frlandut's.

187 4144 217 4206 1.
241 4144 382 4220 bfotbew,
404 4143 605 4225 archevoque
627 4144 667 4209 de
690 4143 816 4216 bublin,
840 4141 1006 4206 londateur
1028 4143 1069 4206 du
1092 4141 1226 4224 college,

143 4242 266 4318 donna,
283 4259 323 4307 en
349 4241 441 4318 1611,
470 4260 513 4307 33
537 4243 651 4323 capital
673 4242 713 4306 de
735 4241 814 4305 1669
835 4239 959 4317 1133133,
977 4249 1161 4321 rapportant
1183 4253 1227 4305 un
