<?xml version="1.0" encoding="UTF-8"?>
<!DOCTYPE html PUBLIC "-//W3C//DTD XHTML 1.0 Transitional//EN"
    "http://www.w3.org/TR/xhtml1/DTD/xhtml1-transitional.dtd">
<html xmlns="http://www.w3.org/1999/xhtml" xml:lang="en" lang="en">
 <head>
  <title>
</title>
<meta http-equiv="Content-Type" content="text/html;charset=utf-8" />
  <meta name='ocr-system' content='tesseract 3.04.00' />
  <meta name='ocr-capabilities' content='ocr_page ocr_carea ocr_par ocr_line ocrx_word'/>
</head>
<body>
  <div class='ocr_page' id='page_1' title='image "./documentsrelati02reusgoog_0135.png"; bbox 0 0 3100 4938; ppageno 0'>
   <div class='ocr_carea' id='block_1_1' title="bbox 715 425 905 490">
    <p class='ocr_par' dir='ltr' id='par_1_1' title="bbox 715 425 905 490">
     <span class='ocr_line' id='line_1_1' title="bbox 715 425 905 490; baseline 0.005 -20"><span class='ocrx_word' id='word_1_1' title='bbox 715 425 905 490; x_wconf 72' lang='lat'><strong>-128-</strong></span> 
     </span>
    </p>
   </div>
   <div class='ocr_carea' id='block_1_2' title="bbox 314 539 1358 668">
    <p class='ocr_par' dir='ltr' id='par_1_2' title="bbox 314 539 1358 668">
     <span class='ocr_line' id='line_1_2' title="bbox 314 539 1358 668; baseline -0.001 -20"><span class='ocrx_word' id='word_1_2' title='bbox 314 613 329 648; x_wconf 77' lang='lat' dir='ltr'>e</span> <span class='ocrx_word' id='word_1_3' title='bbox 347 539 500 668; x_wconf 73' lang='lat' dir='ltr'>apposita</span> <span class='ocrx_word' id='word_1_4' title='bbox 516 584 665 668; x_wconf 82' lang='lat' dir='ltr'>iusignia,</span> <span class='ocrx_word' id='word_1_5' title='bbox 679 603 761 668; x_wconf 90' lang='lat' dir='ltr'>qnae</span> <span class='ocrx_word' id='word_1_6' title='bbox 776 594 807 654; x_wconf 94' lang='lat' dir='ltr'>et</span> <span class='ocrx_word' id='word_1_7' title='bbox 821 587 917 668; x_wconf 85' lang='lat' dir='ltr'>hujus</span> <span class='ocrx_word' id='word_1_8' title='bbox 932 583 1060 668; x_wconf 78' lang='lat' dir='ltr'>collegii</span> <span class='ocrx_word' id='word_1_9' title='bbox 1070 591 1161 661; x_wconf 90' lang='lat' dir='ltr'>sunt,</span> <span class='ocrx_word' id='word_1_10' title='bbox 1178 583 1284 648; x_wconf 69' lang='lat' dir='ltr'>duzas·</span> <span class='ocrx_word' id='word_1_11' title='bbox 1295 584 1314 648; x_wconf 80' lang='lat' dir='ltr'>ti</span> <span class='ocrx_word' id='word_1_12' title='bbox 1326 584 1358 648; x_wconf 84' lang='lat' dir='ltr'>lc</span> 
     </span>
    </p>
   </div>
   <div class='ocr_carea' id='block_1_3' title="bbox 137 681 1478 3811">
    <p class='ocr_par' dir='ltr' id='par_1_3' title="bbox 137 681 1478 3811">
     <span class='ocr_line' id='line_1_3' title="bbox 271 681 1356 766; baseline -0.004 -16"><span class='ocrx_word' id='word_1_13' title='bbox 271 687 370 750; x_wconf 83' lang='lat' dir='ltr'>bande</span> <span class='ocrx_word' id='word_1_14' title='bbox 391 685 454 748; x_wconf 83' lang='lat' dir='ltr'>d&#39;or</span> <span class='ocrx_word' id='word_1_15' title='bbox 468 685 685 766; x_wconf 72' lang='lat' dir='ltr'>accompuqude</span> <span class='ocrx_word' id='word_1_16' title='bbox 707 686 745 750; x_wconf 86' lang='lat' dir='ltr'>dc</span> <span class='ocrx_word' id='word_1_17' title='bbox 764 687 814 750; x_wconf 80' lang='lat' dir='ltr'>sic</span> <span class='ocrx_word' id='word_1_18' title='bbox 831 685 939 750; x_wconf 81' lang='lat' dir='ltr'>besuus</span> <span class='ocrx_word' id='word_1_19' title='bbox 962 686 1000 750; x_wconf 85' lang='lat' dir='ltr'>dc</span> <span class='ocrx_word' id='word_1_20' title='bbox 1021 684 1118 750; x_wconf 69' lang='lat' dir='ltr'>moue</span> <span class='ocrx_word' id='word_1_21' title='bbox 1139 685 1198 747; x_wconf 83' lang='lat' dir='ltr'>mis</span> <span class='ocrx_word' id='word_1_22' title='bbox 1220 701 1258 746; x_wconf 89' lang='lat' dir='ltr'>en</span> <span class='ocrx_word' id='word_1_23' title='bbox 1279 681 1356 758; x_wconf 86' lang='lat' dir='ltr'>oric,</span> 
     </span>
     <span class='ocr_line' id='line_1_4' title="bbox 229 780 1356 862; baseline -0.006 -12"><span class='ocrx_word' id='word_1_24' title='bbox 229 844 243 852; x_wconf 52' lang='lat'>„</span> <span class='ocrx_word' id='word_1_25' title='bbox 270 793 301 852; x_wconf 92' lang='lat' dir='ltr'>et</span> <span class='ocrx_word' id='word_1_26' title='bbox 323 783 498 852; x_wconf 82' lang='lat' dir='ltr'><strong>nobilitatis</strong></span> <span class='ocrx_word' id='word_1_27' title='bbox 522 792 666 850; x_wconf 77' lang='lat' dir='ltr'>tesserae</span> <span class='ocrx_word' id='word_1_28' title='bbox 689 806 696 848; x_wconf 75' lang='grc' dir='ltr'><strong>ε</strong></span> <span class='ocrx_word' id='word_1_29' title='bbox 724 785 914 860; x_wconf 81' lang='lat' dir='ltr'>Carondclct,</span> <span class='ocrx_word' id='word_1_30' title='bbox 931 785 1049 856; x_wconf 74' lang='lat' dir='ltr'>Bacca,</span> <span class='ocrx_word' id='word_1_31' title='bbox 1067 783 1214 862; x_wconf 81' lang='lat' dir='ltr'>Clorscp,</span> <span class='ocrx_word' id='word_1_32' title='bbox 1232 780 1356 846; x_wconf 81' lang='lat' dir='ltr'>Clicltc.</span> 
     </span>
     <span class='ocr_line' id='line_1_5' title="bbox 270 881 1359 965; baseline -0.004 -17"><span class='ocrx_word' id='word_1_33' title='bbox 270 883 399 952; x_wconf 84' lang='lat' dir='ltr'>Lemma</span> <span class='ocrx_word' id='word_1_34' title='bbox 413 903 420 945; x_wconf 92' lang='lat'><strong>:</strong></span> <span class='ocrx_word' id='word_1_35' title='bbox 434 883 568 950; x_wconf 80' lang='lat' dir='ltr'>natura.</span> <span class='ocrx_word' id='word_1_36' title='bbox 583 881 761 964; x_wconf 87' lang='lat' dir='ltr'>scripserat</span> <span class='ocrx_word' id='word_1_37' title='bbox 777 883 847 965; x_wconf 91' lang='lat' dir='ltr'>ipse</span> <span class='ocrx_word' id='word_1_38' title='bbox 862 881 1093 948; x_wconf 82' lang='lat' dir='ltr'>Garoudeletus</span> <span class='ocrx_word' id='word_1_39' title='bbox 1107 881 1244 945; x_wconf 77' lang='lat' dir='ltr'>Comitia</span> <span class='ocrx_word' id='word_1_40' title='bbox 1259 895 1359 959; x_wconf 90' lang='lat' dir='ltr'>quae·</span> 
     </span>
     <span class='ocr_line' id='line_1_6' title="bbox 152 978 1354 1066; baseline -0.01 -18"><span class='ocrx_word' id='word_1_41' title='bbox 152 1055 155 1066; x_wconf 55' lang='grc'>,</span> <span class='ocrx_word' id='word_1_42' title='bbox 267 980 341 1048; x_wconf 85' lang='lat' dir='ltr'>daut</span> <span class='ocrx_word' id='word_1_43' title='bbox 353 989 386 1048; x_wconf 90' lang='lat' dir='ltr'>et</span> <span class='ocrx_word' id='word_1_44' title='bbox 397 981 627 1047; x_wconf 69' lang='lat' dir='ltr'>Observationes</span> <span class='ocrx_word' id='word_1_45' title='bbox 631 982 811 1062; x_wconf 77' lang='lat' dir='ltr'>jurisquae</span> <span class='ocrx_word' id='word_1_46' title='bbox 824 990 1003 1060; x_wconf 90' lang='lat' dir='ltr'>temporum</span> <span class='ocrx_word' id='word_1_47' title='bbox 1017 979 1131 1061; x_wconf 79' lang='lat' dir='ltr'>iniuria</span> <span class='ocrx_word' id='word_1_48' title='bbox 1145 978 1354 1059; x_wconf 78' lang='lat' dir='ltr'>perieretli.»</span> 
     </span>
     <span class='ocr_line' id='line_1_7' title="bbox 137 1079 464 1160; baseline -0.012 -14"><span class='ocrx_word' id='word_1_49' title='bbox 137 1147 144 1158; x_wconf 80' lang='grc'><strong>,</strong></span> <span class='ocrx_word' id='word_1_50' title='bbox 270 1079 315 1144; x_wconf 83' lang='lat' dir='ltr'>lta</span> <span class='ocrx_word' id='word_1_51' title='bbox 332 1079 464 1160; x_wconf 87' lang='lat' dir='ltr'>Paquot.</span> 
     </span>
     <span class='ocr_line' id='line_1_8' title="bbox 208 1175 1360 1258; baseline -0.006 -13"><span class='ocrx_word' id='word_1_52' title='bbox 208 1179 218 1200; x_wconf 69' lang='lat'>⁸</span> <span class='ocrx_word' id='word_1_53' title='bbox 310 1177 542 1244; x_wconf 81' lang='lat' dir='ltr'>Carondeletus</span> <span class='ocrx_word' id='word_1_54' title='bbox 558 1193 615 1258; x_wconf 90' lang='lat' dir='ltr'>per</span> <span class='ocrx_word' id='word_1_55' title='bbox 630 1184 820 1242; x_wconf 73' lang='lat' dir='ltr'>executores</span> <span class='ocrx_word' id='word_1_56' title='bbox 837 1175 966 1242; x_wconf 90' lang='lat' dir='ltr'>ultimae</span> <span class='ocrx_word' id='word_1_57' title='bbox 982 1192 1061 1240; x_wconf 90' lang='lat' dir='ltr'>snae</span> <span class='ocrx_word' id='word_1_58' title='bbox 1076 1175 1249 1241; x_wconf 88' lang='lat' dir='ltr'>voluntatis</span> <span class='ocrx_word' id='word_1_59' title='bbox 1265 1175 1360 1238; x_wconf 85' lang='lat' dir='ltr'>Lam-</span> 
     </span>
     <span class='ocr_line' id='line_1_9' title="bbox 270 1272 1359 1355; baseline -0.006 -12"><span class='ocrx_word' id='word_1_60' title='bbox 270 1277 397 1343; x_wconf 89' lang='lat' dir='ltr'>bertum</span> <span class='ocrx_word' id='word_1_61' title='bbox 413 1276 454 1340; x_wconf 90' lang='lat' dir='ltr'>dc</span> <span class='ocrx_word' id='word_1_62' title='bbox 469 1275 632 1348; x_wconf 86' lang='lat' dir='ltr'>Briaerde‚</span> <span class='ocrx_word' id='word_1_63' title='bbox 650 1274 801 1355; x_wconf 81' lang='lat' dir='ltr'>equitem,</span> <span class='ocrx_word' id='word_1_64' title='bbox 819 1274 1000 1354; x_wconf 84' lang='lat' dir='ltr'>praesidem</span> <span class='ocrx_word' id='word_1_65' title='bbox 1017 1273 1123 1355; x_wconf 82' lang='lat' dir='ltr'>magni</span> <span class='ocrx_word' id='word_1_66' title='bbox 1140 1272 1269 1338; x_wconf 89' lang='lat' dir='ltr'>concilii</span> <span class='ocrx_word' id='word_1_67' title='bbox 1286 1273 1359 1340; x_wconf 89' lang='lat' dir='ltr'>Bel·</span> 
     </span>
     <span class='ocr_line' id='line_1_10' title="bbox 269 1371 1357 1460; baseline -0.003 -21"><span class='ocrx_word' id='word_1_68' title='bbox 269 1376 344 1459; x_wconf 79' lang='lat' dir='ltr'>gisi,</span> <span class='ocrx_word' id='word_1_69' title='bbox 361 1374 526 1442; x_wconf 85' lang='lat' dir='ltr'>Claudium</span> <span class='ocrx_word' id='word_1_70' title='bbox 542 1374 582 1439; x_wconf 92' lang='lat' dir='ltr'>de</span> <span class='ocrx_word' id='word_1_71' title='bbox 597 1373 799 1448; x_wconf 89' lang='lat' dir='ltr'>Carondelet,</span> <span class='ocrx_word' id='word_1_72' title='bbox 816 1373 1036 1460; x_wconf 85' lang='lat' dir='ltr'>praepositum</span> <span class='ocrx_word' id='word_1_73' title='bbox 1052 1371 1155 1438; x_wconf 88' lang='lat' dir='ltr'>sancti</span> <span class='ocrx_word' id='word_1_74' title='bbox 1175 1371 1357 1446; x_wconf 76' lang='lat' dir='ltr'>donatiani,</span> 
     </span>
     <span class='ocr_line' id='line_1_11' title="bbox 269 1469 1358 1554; baseline -0.006 -13"><span class='ocrx_word' id='word_1_75' title='bbox 269 1492 365 1541; x_wconf 89' lang='lat' dir='ltr'>suum</span> <span class='ocrx_word' id='word_1_76' title='bbox 391 1491 429 1539; x_wconf 83' lang='lat' dir='ltr'>ex</span> <span class='ocrx_word' id='word_1_77' title='bbox 451 1473 550 1538; x_wconf 82' lang='lat' dir='ltr'>tratre</span> <span class='ocrx_word' id='word_1_78' title='bbox 576 1481 736 1554; x_wconf 88' lang='lat' dir='ltr'>nepotem,</span> <span class='ocrx_word' id='word_1_79' title='bbox 761 1480 792 1538; x_wconf 92' lang='lat' dir='ltr'>ct</span> <span class='ocrx_word' id='word_1_80' title='bbox 814 1471 1004 1536; x_wconf 87' lang='lat' dir='ltr'>Balduinnm</span> <span class='ocrx_word' id='word_1_81' title='bbox 1028 1471 1163 1553; x_wconf 85' lang='lat' dir='ltr'>Leuocq,</span> <span class='ocrx_word' id='word_1_82' title='bbox 1187 1470 1220 1534; x_wconf 90' lang='lat' dir='ltr'>in</span> <span class='ocrx_word' id='word_1_83' title='bbox 1243 1469 1358 1536; x_wconf 88' lang='lat' dir='ltr'>eodem</span> 
     </span>
     <span class='ocr_line' id='line_1_12' title="bbox 271 1567 1355 1653; baseline -0.005 -14"><span class='ocrx_word' id='word_1_84' title='bbox 271 1581 382 1639; x_wconf 88' lang='lat' dir='ltr'>senatu</span> <span class='ocrx_word' id='word_1_85' title='bbox 409 1571 537 1653; x_wconf 80' lang='lat' dir='ltr'>Belgico</span> <span class='ocrx_word' id='word_1_86' title='bbox 563 1569 776 1646; x_wconf 80' lang='lat' dir='ltr'>consiliarios,</span> <span class='ocrx_word' id='word_1_87' title='bbox 801 1569 942 1651; x_wconf 87' lang='lat' dir='ltr'>itemque</span> <span class='ocrx_word' id='word_1_88' title='bbox 966 1569 1121 1636; x_wconf 80' lang='lat' dir='ltr'>ioannem</span> <span class='ocrx_word' id='word_1_89' title='bbox 1148 1570 1188 1634; x_wconf 91' lang='lat' dir='ltr'>de</span> <span class='ocrx_word' id='word_1_90' title='bbox 1214 1567 1355 1650; x_wconf 82' lang='lat' dir='ltr'>Langhe,</span> 
     </span>
     <span class='ocr_line' id='line_1_13' title="bbox 267 1665 1358 1750; baseline -0.007 -13"><span class='ocrx_word' id='word_1_91' title='bbox 267 1686 438 1738; x_wconf 79' lang='lat' dir='ltr'>caesareae</span> <span class='ocrx_word' id='word_1_92' title='bbox 460 1668 635 1750; x_wconf 76' lang='lat' dir='ltr'>Maiestatis</span> <span class='ocrx_word' id='word_1_93' title='bbox 658 1685 675 1734; x_wconf 95' lang='lat' dir='ltr'>a</span> <span class='ocrx_word' id='word_1_94' title='bbox 698 1669 846 1744; x_wconf 89' lang='lat' dir='ltr'>secretis,</span> <span class='ocrx_word' id='word_1_95' title='bbox 870 1668 994 1748; x_wconf 87' lang='lat' dir='ltr'>adjecto</span> <span class='ocrx_word' id='word_1_96' title='bbox 1016 1667 1154 1750; x_wconf 83' lang='lat' dir='ltr'>collegio</span> <span class='ocrx_word' id='word_1_97' title='bbox 1177 1666 1252 1732; x_wconf 88' lang='lat' dir='ltr'>huic</span> <span class='ocrx_word' id='word_1_98' title='bbox 1275 1665 1358 1732; x_wconf 88' lang='lat' dir='ltr'>atrio</span> 
     </span>
     <span class='ocr_line' id='line_1_14' title="bbox 269 1764 1357 1851; baseline -0.008 -15"><span class='ocrx_word' id='word_1_99' title='bbox 269 1770 481 1851; x_wconf 81' lang='lat' dir='ltr'>cubiculoque</span> <span class='ocrx_word' id='word_1_100' title='bbox 496 1766 666 1849; x_wconf 88' lang='lat' dir='ltr'>praesidis,</span> <span class='ocrx_word' id='word_1_101' title='bbox 680 1767 756 1832; x_wconf 91' lang='lat' dir='ltr'>inde</span> <span class='ocrx_word' id='word_1_102' title='bbox 771 1767 891 1834; x_wconf 87' lang='lat' dir='ltr'>sacello</span> <span class='ocrx_word' id='word_1_103' title='bbox 908 1767 1053 1833; x_wconf 88' lang='lat' dir='ltr'>redditus</span> <span class='ocrx_word' id='word_1_104' title='bbox 1068 1765 1212 1848; x_wconf 85' lang='lat' dir='ltr'>ejusdem</span> <span class='ocrx_word' id='word_1_105' title='bbox 1228 1764 1357 1846; x_wconf 79' lang='lat' dir='ltr'>collegii</span> 
     </span>
     <span class='ocr_line' id='line_1_15' title="bbox 270 1863 1357 1949; baseline -0.006 -17"><span class='ocrx_word' id='word_1_106' title='bbox 270 1869 348 1934; x_wconf 87' lang='lat' dir='ltr'>alias</span> <span class='ocrx_word' id='word_1_107' title='bbox 375 1885 432 1949; x_wconf 93' lang='lat' dir='ltr'>pro</span> <span class='ocrx_word' id='word_1_108' title='bbox 455 1875 633 1947; x_wconf 89' lang='lat' dir='ltr'>temporum</span> <span class='ocrx_word' id='word_1_109' title='bbox 659 1865 845 1932; x_wconf 89' lang='lat' dir='ltr'>conditione</span> <span class='ocrx_word' id='word_1_110' title='bbox 867 1865 947 1930; x_wconf 92' lang='lat' dir='ltr'>satis</span> <span class='ocrx_word' id='word_1_111' title='bbox 973 1874 1099 1941; x_wconf 88' lang='lat' dir='ltr'>tenues,</span> <span class='ocrx_word' id='word_1_112' title='bbox 1123 1865 1240 1930; x_wconf 85' lang='lat' dir='ltr'>bursas</span> <span class='ocrx_word' id='word_1_113' title='bbox 1263 1863 1357 1944; x_wconf 91' lang='lat' dir='ltr'>primi</span> 
     </span>
     <span class='ocr_line' id='line_1_16' title="bbox 268 1960 1355 2045; baseline -0.005 -16"><span class='ocrx_word' id='word_1_114' title='bbox 268 1965 459 2040; x_wconf 76' lang='lat' dir='ltr'>fundatoris,</span> <span class='ocrx_word' id='word_1_115' title='bbox 489 1979 572 2045; x_wconf 90' lang='lat' dir='ltr'>quae</span> <span class='ocrx_word' id='word_1_116' title='bbox 601 1971 692 2030; x_wconf 89' lang='lat' dir='ltr'>erant</span> <span class='ocrx_word' id='word_1_117' title='bbox 720 1962 789 2026; x_wconf 90' lang='lat' dir='ltr'>XVl</span> <span class='ocrx_word' id='word_1_118' title='bbox 819 1961 1014 2028; x_wconf 87' lang='lat' dir='ltr'>florenorum</span> <span class='ocrx_word' id='word_1_119' title='bbox 1041 1961 1158 2035; x_wconf 82' lang='lat' dir='ltr'>Caroli,</span> <span class='ocrx_word' id='word_1_120' title='bbox 1186 1961 1290 2043; x_wconf 92' lang='lat' dir='ltr'>primo</span> <span class='ocrx_word' id='word_1_121' title='bbox 1315 1960 1355 2026; x_wconf 94' lang='lat' dir='ltr'>ad</span> 
     </span>
     <span class='ocr_line' id='line_1_17' title="bbox 269 2058 1358 2137; baseline -0.004 -11"><span class='ocrx_word' id='word_1_122' title='bbox 269 2064 352 2126; x_wconf 88' lang='lat' dir='ltr'>XXV</span> <span class='ocrx_word' id='word_1_123' title='bbox 373 2062 526 2137; x_wconf 87' lang='lat' dir='ltr'>florenos,</span> <span class='ocrx_word' id='word_1_124' title='bbox 551 2060 668 2126; x_wconf 83' lang='lat' dir='ltr'>deiude</span> <span class='ocrx_word' id='word_1_125' title='bbox 683 2060 723 2132; x_wconf 85' lang='lat' dir='ltr'>ad</span> <span class='ocrx_word' id='word_1_126' title='bbox 746 2059 873 2122; x_wconf 84' lang='lat' dir='ltr'>XXXVI</span> <span class='ocrx_word' id='word_1_127' title='bbox 895 2059 1019 2124; x_wconf 88' lang='lat' dir='ltr'>similes</span> <span class='ocrx_word' id='word_1_128' title='bbox 1041 2058 1183 2124; x_wconf 91' lang='lat' dir='ltr'>llorenos</span> <span class='ocrx_word' id='word_1_129' title='bbox 1205 2058 1304 2134; x_wconf 85' lang='lat' dir='ltr'>auxit,</span> <span class='ocrx_word' id='word_1_130' title='bbox 1326 2069 1358 2124; x_wconf 92' lang='lat' dir='ltr'>et</span> 
     </span>
     <span class='ocr_line' id='line_1_18' title="bbox 269 2155 1358 2238; baseline -0.003 -13"><span class='ocrx_word' id='word_1_131' title='bbox 269 2170 334 2227; x_wconf 90' lang='lat' dir='ltr'>tres</span> <span class='ocrx_word' id='word_1_132' title='bbox 350 2176 450 2225; x_wconf 89' lang='lat' dir='ltr'>novas</span> <span class='ocrx_word' id='word_1_133' title='bbox 465 2156 584 2223; x_wconf 90' lang='lat' dir='ltr'>similis</span> <span class='ocrx_word' id='word_1_134' title='bbox 599 2157 719 2222; x_wconf 88' lang='lat' dir='ltr'>valoris</span> <span class='ocrx_word' id='word_1_135' title='bbox 734 2157 862 2222; x_wconf 92' lang='lat' dir='ltr'>XXXVl</span> <span class='ocrx_word' id='word_1_136' title='bbox 878 2156 1076 2222; x_wconf 87' lang='lat' dir='ltr'>florenorum</span> <span class='ocrx_word' id='word_1_137' title='bbox 1092 2156 1226 2238; x_wconf 86' lang='lat' dir='ltr'>adjecit;</span> <span class='ocrx_word' id='word_1_138' title='bbox 1244 2155 1358 2222; x_wconf 87' lang='lat' dir='ltr'>redac-</span> 
     </span>
     <span class='ocr_line' id='line_1_19' title="bbox 269 2255 1357 2340; baseline -0.002 -16"><span class='ocrx_word' id='word_1_139' title='bbox 269 2270 383 2340; x_wconf 89' lang='lat' dir='ltr'>taeque</span> <span class='ocrx_word' id='word_1_140' title='bbox 398 2267 473 2322; x_wconf 89' lang='lat' dir='ltr'>sunt</span> <span class='ocrx_word' id='word_1_141' title='bbox 489 2255 607 2321; x_wconf 90' lang='lat' dir='ltr'>bursae</span> <span class='ocrx_word' id='word_1_142' title='bbox 623 2271 736 2340; x_wconf 90' lang='lat' dir='ltr'>qmnes</span> <span class='ocrx_word' id='word_1_143' title='bbox 752 2255 950 2320; x_wconf 89' lang='lat' dir='ltr'>studentium</span> <span class='ocrx_word' id='word_1_144' title='bbox 966 2255 1005 2320; x_wconf 90' lang='lat' dir='ltr'>ad</span> <span class='ocrx_word' id='word_1_145' title='bbox 1023 2255 1238 2324; x_wconf 85' lang='lat' dir='ltr'>novenarium¹</span> <span class='ocrx_word' id='word_1_146' title='bbox 1249 2262 1357 2322; x_wconf 88' lang='lat' dir='ltr'>nume-</span> 
     </span>
     <span class='ocr_line' id='line_1_20' title="bbox 201 2352 1412 2437; baseline -0.003 -16"><span class='ocrx_word' id='word_1_147' title='bbox 201 2385 208 2404; x_wconf 62' lang='grc' dir='ltr'><em>ι</em></span> <span class='ocrx_word' id='word_1_148' title='bbox 271 2374 354 2433; x_wconf 91' lang='lat' dir='ltr'>rum,</span> <span class='ocrx_word' id='word_1_149' title='bbox 370 2364 463 2421; x_wconf 88' lang='lat' dir='ltr'>aucto</span> <span class='ocrx_word' id='word_1_150' title='bbox 479 2354 574 2420; x_wconf 90' lang='lat' dir='ltr'>etiam</span> <span class='ocrx_word' id='word_1_151' title='bbox 597 2353 771 2419; x_wconf 88' lang='lat' dir='ltr'>honorario</span> <span class='ocrx_word' id='word_1_152' title='bbox 787 2353 964 2434; x_wconf 90' lang='lat' dir='ltr'>praesidis;</span> <span class='ocrx_word' id='word_1_153' title='bbox 990 2352 1211 2435; x_wconf 83' lang='lat' dir='ltr'>permisitque,</span> <span class='ocrx_word' id='word_1_154' title='bbox 1228 2361 1262 2418; x_wconf 88' lang='lat' dir='ltr'>ut</span> <span class='ocrx_word' id='word_1_155' title='bbox 1280 2354 1361 2419; x_wconf 69' lang='lat' dir='ltr'>bun·</span> <span class='ocrx_word' id='word_1_156' title='bbox 1407 2423 1412 2437; x_wconf 19' lang='lat' dir='ltr'>q</span> 
     </span>
     <span class='ocr_line' id='line_1_21' title="bbox 271 2451 1357 2535; baseline -0.004 -15"><span class='ocrx_word' id='word_1_157' title='bbox 271 2455 366 2520; x_wconf 90' lang='lat' dir='ltr'>sariis</span> <span class='ocrx_word' id='word_1_158' title='bbox 378 2453 443 2535; x_wconf 84' lang='lat' dir='ltr'>juri</span> <span class='ocrx_word' id='word_1_159' title='bbox 458 2469 584 2534; x_wconf 93' lang='lat' dir='ltr'>quoque</span> <span class='ocrx_word' id='word_1_160' title='bbox 607 2451 692 2518; x_wconf 92' lang='lat' dir='ltr'>civili</span> <span class='ocrx_word' id='word_1_161' title='bbox 708 2451 786 2518; x_wconf 90' lang='lat' dir='ltr'>darc</span> <span class='ocrx_word' id='word_1_162' title='bbox 800 2467 932 2534; x_wconf 86' lang='lat' dir='ltr'>operam</span> <span class='ocrx_word' id='word_1_163' title='bbox 942 2453 1067 2518; x_wconf 91' lang='lat' dir='ltr'>liceret.</span> <span class='ocrx_word' id='word_1_164' title='bbox 1085 2451 1228 2533; x_wconf 86' lang='lat' dir='ltr'>lienique</span> <span class='ocrx_word' id='word_1_165' title='bbox 1243 2460 1275 2518; x_wconf 90' lang='lat' dir='ltr'>et</span> <span class='ocrx_word' id='word_1_166' title='bbox 1296 2452 1357 2517; x_wconf 89' lang='lat' dir='ltr'>alia</span> 
     </span>
     <span class='ocr_line' id='line_1_22' title="bbox 271 2550 1355 2632; baseline 0 -15"><span class='ocrx_word' id='word_1_167' title='bbox 271 2551 413 2619; x_wconf 78' lang='lat' dir='ltr'>fundatio</span> <span class='ocrx_word' id='word_1_168' title='bbox 436 2568 492 2632; x_wconf 85' lang='lat' dir='ltr'>por</span> <span class='ocrx_word' id='word_1_169' title='bbox 510 2559 699 2617; x_wconf 85' lang='lat' dir='ltr'>executores</span> <span class='ocrx_word' id='word_1_170' title='bbox 721 2551 853 2617; x_wconf 89' lang='lat' dir='ltr'>eosdem</span> <span class='ocrx_word' id='word_1_171' title='bbox 876 2550 998 2632; x_wconf 88' lang='lat' dir='ltr'>adjecta</span> <span class='ocrx_word' id='word_1_172' title='bbox 1020 2561 1081 2628; x_wconf 92' lang='lat' dir='ltr'>est,</span> <span class='ocrx_word' id='word_1_173' title='bbox 1099 2551 1218 2616; x_wconf 87' lang='lat' dir='ltr'>erectis</span> <span class='ocrx_word' id='word_1_174' title='bbox 1241 2568 1355 2617; x_wconf 90' lang='lat' dir='ltr'>rursus</span> 
     </span>
     <span class='ocr_line' id='line_1_23' title="bbox 270 2649 1358 2724; baseline -0.001 -9"><span class='ocrx_word' id='word_1_175' title='bbox 270 2651 374 2716; x_wconf 89' lang='lat' dir='ltr'>tribus</span> <span class='ocrx_word' id='word_1_176' title='bbox 390 2649 482 2715; x_wconf 90' lang='lat' dir='ltr'>novis</span> <span class='ocrx_word' id='word_1_177' title='bbox 498 2649 618 2724; x_wconf 87' lang='lat' dir='ltr'>bursis,</span> <span class='ocrx_word' id='word_1_178' title='bbox 632 2657 699 2714; x_wconf 90' lang='lat' dir='ltr'>tum</span> <span class='ocrx_word' id='word_1_179' title='bbox 714 2656 746 2715; x_wconf 89' lang='lat' dir='ltr'>et</span> <span class='ocrx_word' id='word_1_180' title='bbox 760 2649 885 2714; x_wconf 86' lang='lat' dir='ltr'>duabus</span> <span class='ocrx_word' id='word_1_181' title='bbox 900 2649 973 2714; x_wconf 91' lang='lat' dir='ltr'>aliis</span> <span class='ocrx_word' id='word_1_182' title='bbox 988 2649 1096 2714; x_wconf 88' lang='lat' dir='ltr'>bursis</span> <span class='ocrx_word' id='word_1_183' title='bbox 1112 2651 1229 2716; x_wconf 88' lang='lat' dir='ltr'>erectis</span> <span class='ocrx_word' id='word_1_184' title='bbox 1245 2651 1277 2714; x_wconf 93' lang='lat' dir='ltr'>in</span> <span class='ocrx_word' id='word_1_185' title='bbox 1289 2649 1358 2716; x_wconf 92' lang='lat' dir='ltr'>col-</span> 
     </span>
     <span class='ocr_line' id='line_1_24' title="bbox 261 2747 1356 2831; baseline -0.001 -18"><span class='ocrx_word' id='word_1_186' title='bbox 261 2749 355 2830; x_wconf 79' lang='lat' dir='ltr'>legio</span> <span class='ocrx_word' id='word_1_187' title='bbox 370 2747 594 2829; x_wconf 79' lang='lat' dir='ltr'>theologorum</span> <span class='ocrx_word' id='word_1_188' title='bbox 611 2764 669 2828; x_wconf 91' lang='lat' dir='ltr'>pro</span> <span class='ocrx_word' id='word_1_189' title='bbox 685 2748 843 2829; x_wconf 88' lang='lat' dir='ltr'>promotis</span> <span class='ocrx_word' id='word_1_190' title='bbox 858 2749 943 2814; x_wconf 90' lang='lat' dir='ltr'>inter</span> <span class='ocrx_word' id='word_1_191' title='bbox 956 2749 995 2812; x_wconf 72' lang='lat'>24</span> <span class='ocrx_word' id='word_1_192' title='bbox 1012 2748 1134 2830; x_wconf 85' lang='lat' dir='ltr'>primos</span> <span class='ocrx_word' id='word_1_193' title='bbox 1156 2765 1174 2814; x_wconf 92' lang='lat' dir='ltr'>e</span> <span class='ocrx_word' id='word_1_194' title='bbox 1196 2749 1356 2831; x_wconf 83' lang='lat' dir='ltr'>paedago-</span> 
     </span>
     <span class='ocr_line' id='line_1_25' title="bbox 202 2830 1357 2949; baseline 0 -37"><span class='ocrx_word' id='word_1_195' title='bbox 202 2901 210 2912; x_wconf 90' lang='lat'><strong>.</strong></span> <span class='ocrx_word' id='word_1_196' title='bbox 269 2847 322 2930; x_wconf 86' lang='lat' dir='ltr'>gio</span> <span class='ocrx_word' id='word_1_197' title='bbox 337 2845 531 2949; x_wconf 62' lang='lat' dir='ltr'>standonico</span> <span class='ocrx_word' id='word_1_198' title='bbox 547 2862 604 2911; x_wconf 90' lang='lat' dir='ltr'>seu</span> <span class='ocrx_word' id='word_1_199' title='bbox 622 2844 785 2911; x_wconf 90' lang='lat' dir='ltr'>Porcensi.</span> <span class='ocrx_word' id='word_1_200' title='bbox 804 2847 848 2911; x_wconf 83' lang='lat' dir='ltr'>lie</span> <span class='ocrx_word' id='word_1_201' title='bbox 863 2846 982 2927; x_wconf 85' lang='lat' dir='ltr'>quinus</span> <span class='ocrx_word' id='word_1_202' title='bbox 1004 2830 1278 2912; x_wconf 76' lang='lat' dir='ltr'>omnibus&#39;extant</span> <span class='ocrx_word' id='word_1_203' title='bbox 1299 2846 1357 2912; x_wconf 91' lang='lat' dir='ltr'>de·</span> 
     </span>
     <span class='ocr_line' id='line_1_26' title="bbox 269 2943 1354 3028; baseline 0.001 -17"><span class='ocrx_word' id='word_1_204' title='bbox 269 2953 392 3012; x_wconf 90' lang='lat' dir='ltr'>oretum</span> <span class='ocrx_word' id='word_1_205' title='bbox 416 2943 521 3026; x_wconf 80' lang='lat' dir='ltr'>magni</span> <span class='ocrx_word' id='word_1_206' title='bbox 543 2951 674 3009; x_wconf 87' lang='lat' dir='ltr'>senatus</span> <span class='ocrx_word' id='word_1_207' title='bbox 696 2944 935 3010; x_wconf 86' lang='lat' dir='ltr'>lleclrliniensis</span> <span class='ocrx_word' id='word_1_208' title='bbox 957 2946 997 3010; x_wconf 93' lang='lat' dir='ltr'>de</span> <span class='ocrx_word' id='word_1_209' title='bbox 1018 2946 1090 3010; x_wconf 88' lang='lat' dir='ltr'>data</span> <span class='ocrx_word' id='word_1_210' title='bbox 1111 2944 1354 3028; x_wconf 72' lang='lat' dir='ltr'>adjurarent,</span> 
     </span>
     <span class='ocr_line' id='line_1_27' title="bbox 270 3031 1357 3112; baseline -0.001 -3"><span class='ocrx_word' id='word_1_211' title='bbox 270 3053 336 3109; x_wconf 90' lang='lat' dir='ltr'>tum</span> <span class='ocrx_word' id='word_1_212' title='bbox 353 3052 384 3108; x_wconf 90' lang='lat' dir='ltr'>et</span> <span class='ocrx_word' id='word_1_213' title='bbox 399 3042 636 3112; x_wconf 76' lang='lat' dir='ltr'>concordatum¹</span> <span class='ocrx_word' id='word_1_214' title='bbox 647 3042 730 3108; x_wconf 89' lang='lat' dir='ltr'>inter</span> <span class='ocrx_word' id='word_1_215' title='bbox 745 3043 926 3109; x_wconf 85' lang='lat' dir='ltr'>facultatem</span> <span class='ocrx_word' id='word_1_216' title='bbox 943 3031 1058 3109; x_wconf 82' lang='lat' dir='ltr'>artium</span> <span class='ocrx_word' id='word_1_217' title='bbox 1075 3051 1105 3108; x_wconf 91' lang='lat' dir='ltr'>et</span> <span class='ocrx_word' id='word_1_218' title='bbox 1120 3043 1225 3109; x_wconf 90' lang='lat' dir='ltr'>dictos</span> <span class='ocrx_word' id='word_1_219' title='bbox 1241 3059 1357 3110; x_wconf 85' lang='lat' dir='ltr'>execu-</span> 
     </span>
     <span class='ocr_line' id='line_1_28' title="bbox 269 3140 1357 3222; baseline -0.001 -16"><span class='ocrx_word' id='word_1_220' title='bbox 269 3152 369 3207; x_wconf 91' lang='lat' dir='ltr'>tores.</span> <span class='ocrx_word' id='word_1_221' title='bbox 383 3141 557 3206; x_wconf 89' lang='lat' dir='ltr'>Bursarum</span> <span class='ocrx_word' id='word_1_222' title='bbox 573 3140 826 3222; x_wconf 80' lang='lat' dir='ltr'>lrarumcollegii</span> <span class='ocrx_word' id='word_1_223' title='bbox 842 3141 944 3206; x_wconf 91' lang='lat' dir='ltr'>sancti</span> <span class='ocrx_word' id='word_1_224' title='bbox 957 3140 1124 3206; x_wconf 84' lang='lat' dir='ltr'>lionatiani</span> <span class='ocrx_word' id='word_1_225' title='bbox 1138 3141 1357 3206; x_wconf 91' lang='lat' dir='ltr'>duodenarius</span> 
     </span>
     <span class='ocr_line' id='line_1_29' title="bbox 272 3237 1478 3320; baseline 0 -18"><span class='ocrx_word' id='word_1_226' title='bbox 272 3255 424 3306; x_wconf 89' lang='lat' dir='ltr'>numerus</span> <span class='ocrx_word' id='word_1_227' title='bbox 446 3237 702 3304; x_wconf 84' lang='lat' dir='ltr'>exordinatione</span> <span class='ocrx_word' id='word_1_228' title='bbox 724 3238 929 3305; x_wconf 87' lang='lat' dir='ltr'>dominorum</span> <span class='ocrx_word' id='word_1_229' title='bbox 950 3239 1165 3320; x_wconf 86' lang='lat' dir='ltr'>provisorum,</span> <span class='ocrx_word' id='word_1_230' title='bbox 1182 3239 1358 3305; x_wconf 84' lang='lat' dir='ltr'>accedente</span> <span class='ocrx_word' id='word_1_231' title='bbox 1468 3301 1478 3313; x_wconf 19' lang='grc' dir='ltr'>χ</span> 
     </span>
     <span class='ocr_line' id='line_1_30' title="bbox 269 3335 1357 3419; baseline -0.004 -15"><span class='ocrx_word' id='word_1_232' title='bbox 269 3354 432 3405; x_wconf 83' lang='lat' dir='ltr'>consensu</span> <span class='ocrx_word' id='word_1_233' title='bbox 456 3345 488 3402; x_wconf 93' lang='lat' dir='ltr'>et</span> <span class='ocrx_word' id='word_1_234' title='bbox 503 3335 705 3416; x_wconf 87' lang='lat' dir='ltr'>beneplacito</span> <span class='ocrx_word' id='word_1_235' title='bbox 720 3337 842 3402; x_wconf 88' lang='lat' dir='ltr'>domini</span> <span class='ocrx_word' id='word_1_236' title='bbox 859 3337 997 3419; x_wconf 88' lang='lat' dir='ltr'>patroni,</span> <span class='ocrx_word' id='word_1_237' title='bbox 1015 3338 1056 3402; x_wconf 86' lang='lat' dir='ltr'>ob</span> <span class='ocrx_word' id='word_1_238' title='bbox 1072 3347 1251 3418; x_wconf 87' lang='lat' dir='ltr'>temporum</span> <span class='ocrx_word' id='word_1_239' title='bbox 1273 3336 1357 3402; x_wconf 86' lang='lat' dir='ltr'>diffi-</span> 
     </span>
     <span class='ocr_line' id='line_1_31' title="bbox 267 3434 1357 3502; baseline -0.002 0"><span class='ocrx_word' id='word_1_240' title='bbox 267 3438 417 3502; x_wconf 87' lang='lat' dir='ltr'>cultatem</span> <span class='ocrx_word' id='word_1_241' title='bbox 432 3435 583 3501; x_wconf 89' lang='lat' dir='ltr'>redactus</span> <span class='ocrx_word' id='word_1_242' title='bbox 599 3442 648 3500; x_wconf 91' lang='lat' dir='ltr'>est</span> <span class='ocrx_word' id='word_1_243' title='bbox 664 3434 703 3499; x_wconf 94' lang='lat' dir='ltr'>ad</span> <span class='ocrx_word' id='word_1_244' title='bbox 712 3436 917 3501; x_wconf 86' lang='lat' dir='ltr'>octonarium</span> <span class='ocrx_word' id='word_1_245' title='bbox 934 3451 1116 3502; x_wconf 90' lang='lat' dir='ltr'>numerum.</span> <span class='ocrx_word' id='word_1_246' title='bbox 1130 3434 1265 3501; x_wconf 88' lang='lat' dir='ltr'>Collatia</span> <span class='ocrx_word' id='word_1_247' title='bbox 1281 3451 1357 3501; x_wconf 87' lang='lat' dir='ltr'>vero</span> 
     </span>
     <span class='ocr_line' id='line_1_32' title="bbox 269 3532 1356 3614; baseline -0.002 -16"><span class='ocrx_word' id='word_1_248' title='bbox 269 3533 412 3604; x_wconf 91' lang='lat' dir='ltr'>omnium</span> <span class='ocrx_word' id='word_1_249' title='bbox 424 3534 538 3598; x_wconf 88' lang='lat' dir='ltr'>harum</span> <span class='ocrx_word' id='word_1_250' title='bbox 551 3532 778 3598; x_wconf 84' lang='lat' dir='ltr'>bursarumest</span> <span class='ocrx_word' id='word_1_251' title='bbox 792 3549 890 3614; x_wconf 87' lang='lat' dir='ltr'>penes</span> <span class='ocrx_word' id='word_1_252' title='bbox 899 3543 993 3614; x_wconf 91' lang='lat' dir='ltr'>caput</span> <span class='ocrx_word' id='word_1_253' title='bbox 1006 3533 1144 3598; x_wconf 85' lang='lat' dir='ltr'>familiae</span> <span class='ocrx_word' id='word_1_254' title='bbox 1151 3533 1356 3601; x_wconf 87' lang='lat' dir='ltr'>Garondelet.</span> 
     </span>
     <span class='ocr_line' id='line_1_33' title="bbox 310 3629 1358 3724; baseline 0.002 -30"><span class='ocrx_word' id='word_1_255' title='bbox 310 3631 502 3698; x_wconf 87' lang='lat' dir='ltr'>Provisores</span> <span class='ocrx_word' id='word_1_256' title='bbox 531 3647 588 3695; x_wconf 89' lang='lat' dir='ltr'>seu</span> <span class='ocrx_word' id='word_1_257' title='bbox 619 3629 803 3696; x_wconf 87' lang='lat' dir='ltr'>visitatores</span> <span class='ocrx_word' id='word_1_258' title='bbox 832 3630 928 3712; x_wconf 77' lang='lat' dir='ltr'>liuius</span> <span class='ocrx_word' id='word_1_259' title='bbox 961 3630 1089 3713; x_wconf 84' lang='lat' dir='ltr'>collegii</span> <span class='ocrx_word' id='word_1_260' title='bbox 1119 3633 1152 3694; x_wconf 92' lang='lat' dir='ltr'>in</span> <span class='ocrx_word' id='word_1_261' title='bbox 1182 3631 1358 3724; x_wconf 82' lang='lat' dir='ltr'>praecitato</span> 
     </span>
     <span class='ocr_line' id='line_1_34' title="bbox 268 3728 1361 3811; baseline 0.001 -17"><span class='ocrx_word' id='word_1_262' title='bbox 268 3732 399 3796; x_wconf 90' lang='lat' dir='ltr'>decreto</span> <span class='ocrx_word' id='word_1_263' title='bbox 424 3729 464 3796; x_wconf 91' lang='lat' dir='ltr'>de</span> <span class='ocrx_word' id='word_1_264' title='bbox 488 3729 528 3792; x_wconf 71' lang='lat' dir='ltr'>td</span> <span class='ocrx_word' id='word_1_265' title='bbox 550 3728 621 3811; x_wconf 90' lang='lat' dir='ltr'>julii</span> <span class='ocrx_word' id='word_1_266' title='bbox 648 3729 728 3792; x_wconf 78' lang='grc'>1547</span> <span class='ocrx_word' id='word_1_267' title='bbox 755 3729 961 3797; x_wconf 87' lang='lat' dir='ltr'>nominantur</span> <span class='ocrx_word' id='word_1_268' title='bbox 988 3731 1131 3795; x_wconf 88' lang='lat' dir='ltr'>decanus</span> <span class='ocrx_word' id='word_1_269' title='bbox 1153 3739 1185 3796; x_wconf 92' lang='lat' dir='ltr'>et</span> <span class='ocrx_word' id='word_1_270' title='bbox 1207 3738 1361 3811; x_wconf 86' lang='lat' dir='ltr'>receptor</span> 
     </span>
    </p>
   </div>
   <div class='ocr_carea' id='block_1_4' title="bbox 1548 2447 1551 3913">
    <p class='ocr_par' dir='ltr' id='par_1_4' title="bbox 1548 2447 1551 3913">
     <span class='ocr_line' id='line_1_35' title="bbox 1548 2447 1551 3913; baseline 0 0"><span class='ocrx_word' id='word_1_271' title='bbox 1548 2447 1551 3913; x_wconf 95' lang='lat' dir='ltr'> </span> 
     </span>
    </p>
   </div>
   <div class='ocr_carea' id='block_1_5' title="bbox 267 3899 1397 4216">
    <p class='ocr_par' dir='ltr' id='par_1_5' title="bbox 267 3899 1397 4216">
     <span class='ocr_line' id='line_1_36' title="bbox 307 3899 1397 4024; baseline 0.004 -26"><span class='ocrx_word' id='word_1_272' title='bbox 307 3943 356 4014; x_wconf 70' lang='lat' dir='ltr'>(li</span> <span class='ocrx_word' id='word_1_273' title='bbox 368 3942 504 4011; x_wconf 76' lang='lat' dir='ltr'>Feresne,</span> <span class='ocrx_word' id='word_1_274' title='bbox 522 3943 687 3999; x_wconf 72' lang='lat' dir='ltr'>Bibliotheca</span> <span class='ocrx_word' id='word_1_275' title='bbox 709 3943 827 4014; x_wconf 78' lang='lat' dir='ltr'>Belpica.</span> <span class='ocrx_word' id='word_1_276' title='bbox 841 3942 883 4012; x_wconf 88' lang='lat'>11,</span> <span class='ocrx_word' id='word_1_277' title='bbox 898 3961 927 4017; x_wconf 89' lang='lat' dir='ltr'>p.</span> <span class='ocrx_word' id='word_1_278' title='bbox 942 3943 1007 4010; x_wconf 82' lang='lat' dir='ltr'>aot,</span> <span class='ocrx_word' id='word_1_279' title='bbox 1023 3945 1058 4000; x_wconf 80' lang='lat' dir='ltr'>ou</span> <span class='ocrx_word' id='word_1_280' title='bbox 1078 3941 1132 4002; x_wconf 83' lang='lat' dir='ltr'>l’ou</span> <span class='ocrx_word' id='word_1_281' title='bbox 1148 3949 1241 4024; x_wconf 77' lang='lat' dir='ltr'>trouve</span> <span class='ocrx_word' id='word_1_282' title='bbox 1258 3943 1358 4018; x_wconf 86' lang='lat' dir='ltr'>lepor·</span> <span class='ocrx_word' id='word_1_283' title='bbox 1392 3899 1397 3910; x_wconf 29' lang='grc' dir='ltr'>ι</span> 
     </span>
     <span class='ocr_line' id='line_1_37' title="bbox 268 4028 1360 4107; baseline 0.004 -18"><span class='ocrx_word' id='word_1_284' title='bbox 268 4032 334 4090; x_wconf 80' lang='lat' dir='ltr'>treit</span> <span class='ocrx_word' id='word_1_285' title='bbox 347 4028 380 4089; x_wconf 85' lang='lat' dir='ltr'>da</span> <span class='ocrx_word' id='word_1_286' title='bbox 394 4031 564 4092; x_wconf 82' lang='lat' dir='ltr'>Curcudelet.</span> <span class='ocrx_word' id='word_1_287' title='bbox 588 4033 679 4107; x_wconf 76' lang='lat' dir='ltr'>Voyea</span> <span class='ocrx_word' id='word_1_288' title='bbox 691 4033 773 4103; x_wconf 79' lang='lat' dir='ltr'>euasi,</span> <span class='ocrx_word' id='word_1_289' title='bbox 788 4053 834 4090; x_wconf 83' lang='lat' dir='ltr'>aur</span> <span class='ocrx_word' id='word_1_290' title='bbox 856 4041 899 4092; x_wconf 86' lang='lat' dir='ltr'>cat</span> <span class='ocrx_word' id='word_1_291' title='bbox 918 4034 1022 4092; x_wconf 82' lang='lat' dir='ltr'>homme</span> <span class='ocrx_word' id='word_1_292' title='bbox 1040 4033 1134 4102; x_wconf 72' lang='lat' dir='ltr'>aaut,</span> <span class='ocrx_word' id='word_1_293' title='bbox 1149 4053 1200 4091; x_wconf 85' lang='lat' dir='ltr'>uua</span> <span class='ocrx_word' id='word_1_294' title='bbox 1213 4034 1304 4092; x_wconf 84' lang='lat' dir='ltr'>notice</span> <span class='ocrx_word' id='word_1_295' title='bbox 1325 4035 1360 4093; x_wconf 86' lang='lat' dir='ltr'>de</span> 
     </span>
     <span class='ocr_line' id='line_1_38' title="bbox 267 4122 1227 4216; baseline 0.003 -36"><span class='ocrx_word' id='word_1_296' title='bbox 267 4123 309 4182; x_wconf 83' lang='lat' dir='ltr'>M.</span> <span class='ocrx_word' id='word_1_297' title='bbox 330 4122 461 4192; x_wconf 83' lang='lat' dir='ltr'>Gachard,</span> <span class='ocrx_word' id='word_1_298' title='bbox 473 4124 541 4182; x_wconf 77' lang='lat' dir='ltr'>dans</span> <span class='ocrx_word' id='word_1_299' title='bbox 552 4122 578 4181; x_wconf 83' lang='lat' dir='ltr'>la</span> <span class='ocrx_word' id='word_1_300' title='bbox 588 4125 906 4199; x_wconf 72' lang='lat' dir='ltr'>Btopraptienattonate,</span> <span class='ocrx_word' id='word_1_301' title='bbox 923 4123 980 4194; x_wconf 89' lang='lat'>111,</span> <span class='ocrx_word' id='word_1_302' title='bbox 995 4123 1117 4216; x_wconf 49' lang='lat' dir='ltr'>col3343</span> <span class='ocrx_word' id='word_1_303' title='bbox 1130 4131 1158 4182; x_wconf 85' lang='lat' dir='ltr'>et</span> <span class='ocrx_word' id='word_1_304' title='bbox 1170 4143 1227 4183; x_wconf 62' lang='lat' dir='ltr'>srva</span> 
     </span>
    </p>
   </div>
   <div class='ocr_carea' id='block_1_6' title="bbox 0 0 1554 4938">
    <p class='ocr_par' dir='ltr' id='par_1_6' title="bbox 0 0 1554 4938">
     <span class='ocr_line' id='line_1_39' title="bbox 0 0 1554 4938; baseline 0 0"><span class='ocrx_word' id='word_1_305' title='bbox 0 0 1554 4938; x_wconf 95' lang='lat' dir='ltr'> </span> 
     </span>
    </p>
   </div>
  </div>
 </body>
</html>
