3014 4946
755 444 941 508 -ele-

343 613 467 676 Decimo
483 629 493 674 .·
510 611 588 676 Sero
603 609 735 675 veniens
751 607 790 673 ad
806 625 939 674 coenam
958 608 1155 674 restantibus
1177 608 1338 673 dumtaxat
1351 608 1380 672 in

303 727 413 776 mensa
440 708 641 790 portionibus
666 706 835 789 gaudebit;
862 707 959 772 nullis
985 723 1075 783 vero,
1103 706 1131 771 si
1157 713 1230 787 post
1256 721 1381 771 coenam

302 809 446 874 accedat.
471 807 509 872 lit
535 814 611 872 tunc
638 806 768 872 domino
794 805 934 887 praesidi
957 806 1090 886 insuper
1112 806 1216 872 solvet
1238 805 1382 870 mulctam

303 908 396 972 medii
415 907 509 972 solidi
526 923 583 986 pro
599 905 747 988 collegio.
765 905 846 970 Etsi
863 905 993 986 quidem
1017 912 1090 985 post
1105 905 1216 970 horam
1239 913 1382 969 statutam

302 1023 360 1086 per
385 1005 631 1070 Universitatem
658 1005 788 1068 domum
814 1011 1004 1078 revertatur,
1033 1001 1230 1085 injungimus
1256 1002 1382 1067 domino

303 1103 456 1185 praesidi,
474 1111 507 1167 ut
522 1102 611 1166 illum
637 1101 805 1183 magnifico
822 1102 954 1166 domino
969 1101 1088 1167 rectori
1112 1107 1143 1166 et
1165 1101 1257 1166 nobis
1279 1101 1382 1184 statim

303 1203 436 1276 delerat,
454 1207 486 1266 ul
500 1200 589 1282 juxta
606 1200 785 1265 fundatoris
808 1198 1017 1264 intentionem
1041 1217 1100 1281 pro
1115 1201 1239 1266 meritis
1254 1201 1384 1282 castige-

302 1301 463 1365 aureliam
480 1297 706 1380 suspensione,
724 1298 787 1363 imo
804 1299 981 1378 privatione
996 1298 1125 1364 bursae.

347 1450 509 1514 Undecimo
540 1472 549 1509 .-
580 1448 638 1523 Qui
669 1457 757 1512 extra
787 1447 958 1528 collegium
989 1449 1235 1528 pernoctaverit,
1267 1449 1383 1530 pariter

304 1548 475 1630 magnifico
491 1548 620 1612 domino
643 1546 760 1611 rectori
776 1553 808 1611 et
824 1547 918 1611 nobis
934 1548 1171 1612 denuntiandus
1187 1556 1247 1613 est.
1265 1549 1304 1612 lit
1320 1550 1384 1630 oui·

303 1649 376 1714 dem
396 1649 479 1712 hanc
494 1647 768 1728 pernoctationem
793 1647 853 1710 sub
877 1663 979 1727 poena
1003 1646 1201 1712 dimissionis
1216 1665 1234 1712 e
1249 1647 1383 1730 collegio

303 1755 335 1812 et
348 1745 536 1827 privationis
548 1746 666 1810 bursae
682 1744 886 1810 strictissime
901 1745 1123 1826 probibemus.

344 1894 551 1958 Duodecimo:
569 1892 667 1970 Hora,
683 1910 745 1975 qua
759 1909 858 1958 coena
874 1894 1054 1970 inchoatur,
1071 1911 1198 1974 semper
1213 1894 1384 1976 collegium

304 2009 376 2058 sera
391 2001 548 2057 nocturna
564 1992 741 2056 claudetur.
759 1993 945 2073 Postquam
961 1993 1070 2057 nullus
1084 1999 1254 2058 extraneos
1270 1993 1303 2056 in
1320 1993 1384 2057 ool·

304 2092 388 2188 legio
403 2091 554 2167 retinere,
573 2090 672 2156 mullo
689 2091 795 2155 minus
811 2091 980 2158 admittere
996 2091 1124 2172 poterit.
1157 2103 1161 2110 ·

349 2241 571 2306 decimotertio
586 2263 593 2303 ε
606 2239 820 2305 Reseotorium
837 2240 908 2306 solo
924 2239 1048 2320 prandii
1065 2247 1096 2304 et
1111 2256 1230 2305 coenae
1243 2245 1386 2321 tempore

305 2341 462 2406 burseriis
487 2339 618 2421 patebit,
643 2348 674 2405 et
696 2339 801 2404 medio
824 2339 986 2404 secundae
1012 2339 1250 2420 pomeridianae
1272 2339 1386 2405 iterum

307 2456 379 2504 sera
403 2445 559 2503 nocturna
586 2439 768 2516 claudetur3
794 2439 878 2520 quod
905 2446 936 2503 et
958 2437 1179 2504 observabitur
1201 2437 1388 2518 vesperiin

306 2545 427 2602 aestate
443 2537 548 2602 medio
565 2537 724 2612 decimae;
752 2537 783 2600 in
800 2537 915 2612 hieme,
933 2536 964 2600 id
981 2545 1030 2602 est
1046 2552 1063 2600 a
1079 2537 1180 2616 prima
1195 2537 1389 2618 septembris

306 2636 344 2700 ad
368 2636 498 2716 pascha,
517 2635 624 2700 medio
647 2652 761 2701 nonae.
775 2635 864 2714 ¹liora
887 2643 1005 2711 autem,
1023 2651 1084 2716 qua
1105 2635 1232 2716 vesperi
1254 2635 1390 2701 reiecto·

305 2735 387 2799 rium
403 2733 572 2808 clauditur,
586 2751 710 2808 omnes,
725 2733 819 2797 etiam
835 2733 867 2796 in
883 2739 1015 2809 aestate,
1029 2733 1175 2798 modeste
1186 2749 1260 2798 sese
1276 2733 1317 2798 ad
1333 2749 1389 2798 sua

305 2833 484 2915 respective
500 2833 645 2898 cubicula
661 2833 829 2914 recipient.

348 2983 471 3045 Decimo
487 2987 597 3063 onorio
615 2999 624 3042 :
641 2979 752 3043 Omnia
768 2979 884 3044 deinde
906 2987 938 3044 et
960 2979 1095 3062 singula,
1110 2996 1196 3061 quae
1210 2997 1270 3064 per
1286 2989 1389 3046 reolo·

305 3097 373 3146 rem
390 3088 421 3144 et
435 3079 681 3144 Universitatem
704 3077 859 3143 studiosis
880 3079 1056 3160 generatim
1078 3079 1320 3160 praecipiuntur
1341 3079 1389 3143 vel

305 3179 528 3261 probibentur,
543 3195 603 3242 nos
620 3177 738 3258 pariter
752 3177 909 3242 bursariis
925 3177 1044 3242 nostris
1060 3177 1172 3243 stricte
1188 3177 1390 3242 observanda

304 3278 516 3360 proponimus
533 3294 540 3340 :
555 3277 690 3357 exempli
705 3275 817 3358 gralia,
832 3284 866 3340 ut
882 3293 980 3350 arma,
997 3277 1024 3340 si
1041 3293 1121 3358 quae
1137 3276 1286 3353 habeant,
1304 3277 1391 3341 illico

303 3377 342 3442 ad
355 3376 520 3441 dominum
533 3374 713 3456 praesidem
726 3374 890 3451 delerant;
905 3374 979 3440 item
993 3391 1033 3439 ne
1045 3375 1129 3439 ullos
1141 3374 1173 3438 in
1187 3391 1391 3457 quacumque

305 3476 437 3541 materia
453 3475 553 3539 libros
569 3473 748 3555 prohibitos
764 3473 912 3548 habeant,
930 3482 990 3539 etc.

344 3627 469 3689 Decimo
496 3625 600 3706 quicto
629 3622 758 3688 :Hisce
784 3621 920 3702 legibus,
949 3621 1091 3702 quamvis
1117 3622 1327 3688 conformiter
1352 3622 1390 3686 ad

304 3724 484 3789 fundatoris
513 3722 724 3788 intentionem
759 3720 941 3800 specialiter
970 3720 1009 3784 ad
1038 3720 1204 3786 bursarios
1234 3721 1391 3796 directis,

304 3831 408 3886 tamen
425 3821 539 3887 eodem
556 3819 652 3885 modo
667 3819 757 3900 ligari
773 3819 922 3884 volumus
937 3819 1172 3884 commensales
1195 3819 1391 3900 quicumque

304 3921 343 3984 ad
360 3921 531 4002 collegium
548 3919 766 3983 admittentur.

344 4068 469 4132 Decimo
494 4072 582 4129 sento
607 4062 881 4130 :commensales
907 4079 1013 4129 annue
1038 4063 1175 4146 collegio
1201 4063 1329 4129 solvent
1352 4062 1392 4126 ad

303 4173 405 4232 ratam
432 4164 643 4231 ducentorum
670 4161 866 4228 florenorum
889 4161 1110 4239 cambialium;
1140 4178 1242 4244 aqua
1265 4175 1393 4228 summa
