3100 4938
624 506 665 515 -
688 424 809 532 rsa·—

912 653 927 690 Ρ

493 715 530 787 5.
561 716 728 789 Connhon
757 717 931 791 u'Anuns.

219 909 267 982 Ge
286 909 434 1005 college,
454 910 545 984 silue
563 937 627 984 rue
640 914 682 984 de
696 915 844 999 Numer,
862 915 948 988 etait
966 923 1104 988 nomme
1122 918 1257 1014 college

18 1081 19 1088 ,
172 1023 333 1110 d’Arras‚
351 1027 523 1120 oollepc'cm
538 1029 762 1120 Atrebatense
780 1037 828 1114 et,
845 1053 889 1102 en
906 1032 1075 1116 flamand,
1095 1033 1259 1108 Atreolrte

83 1233 87 1241 Ι
171 1143 320 1235 callepio,
354 1139 512 1228 d'abord,
542 1167 646 1238 parce
677 1144 762 1238 qu'il
794 1145 845 1218 fut
875 1146 980 1219 fonde
1009 1171 1074 1242 par
1108 1137 1289 1224 Nicolas'

169 1255 293 1340 Ruter,
315 1261 447 1350 eveque
466 1257 625 1344 d’rlrras,
647 1269 681 1332 et
699 1263 850 1346 ensuite,
871 1287 978 1358 parce
996 1286 1063 1356 que
1081 1265 1114 1335 le
1132 1265 1257 1338 fonda-

169 1380 248 1448 teur
274 1359 427 1466 appelle,
457 1397 501 1444 en
521 1376 700 1468 ¹premiere
719 1377 878 1472 ,lignea
905 1379 940 1452 la
960 1380 1256 1472 jouissance.des

169 1490 317 1566 bourses
332 1490 376 1560 de
391 1512 458 1574 son
477 1489 613 1584 college
631 1491 719 1563 trois
737 1495 880 1565 enciens
900 1493 1041 1566 enfants
1068 1495 1111 1566 de'
1130 1495 1256 1568 choeur
1310 1571 1313 1576 ,

145 1651 147 1655 ψ
167 1605 210 1677 de
228 1604 264 1675 la
281 1604 486 1676 cathedrale
504 1606 665 1678 d’Arras.
688 1607 757 1678 Les
776 1609 955 1680 etudiants
973 1610 1165 1702 pouvaient
1183 1612 1257 1682 sui-

167 1743 228 1792 rre
241 1719 293 1791 les
307 1741 412 1790 oours
426 1719 494 1791 soit
509 1720 552 1791 de
566 1721 860 1814 philosophieatla
875 1723 1126 1816 pedagogiedu
1143 1725 1251 1810 Poro,

100 1817 103 1830 ¹
168 1834 238 1906 soit
256 1835 300 1906 de
318 1831 496 1928 theologie
513 1858 559 1907 ou
577 1836 625 1912 de
639 1835 732 1906 droit
750 1837 946 1930 canonique
964 1861 1034 1908 aux
1051 1837 1178 1912 halles.
1257 1900 1258 1904 ,

505 2079 675 2146 Gouruoruu
692 2080 920 2146 Arnuunrausn.

139 2252 145 2258 ’
207 2258 411 2324 Recolendae
427 2259 601 2326 memoriae
617 2259 767 2340 dominus
779 2261 932 2326 Nicotaus
948 2259 988 2326 de
1003 2263 1155 2343 Ruytere,
1170 2264 1255 2345 epis-

50 2355 54 2364 '
151 2375 270 2440 xoopus
284 2357 518 2432 atrebatensis,
531 2357 564 2420 in
576 2373 659 2422 anno
677 2359 756 2422 l508
770 2375 827 2439 pro
841 2359 1036 2441 pauperibus
1052 2361 1255 2427 scholaribus

165 2456 320 2530 sedecim,
344 2455 494 2524 videlicet
518 2456 622 2522 tribus
643 2458 829 2523 choralibus
850 2458 1128 2533 atrebatensibus,
1152 2459 1256 2525 trihus

164 2555 354 2622 choralibus
376 2555 673 2630 cameracensibus,
698 2555 801 2622 tribus
828 2557 1103 2634 Harlemensihus,
1128 2558 1256 2623 duobus

164 2654 433 2730 Louanieusibus,
448 2663 585 2737 quatuor
596 2656 934 2737 hohemburgensibus
947 2664 977 2722 et
995 2674 1059 2727 uno
1072 2675 1110 2722 ex
1126 2657 1254 2733 Brocht,

108 2800 111 2805 -
163 2755 219 2838 qui
232 2755 364 2820 scholas
376 2754 567 2836 paedagogii
577 2754 670 2819 Porci
684 2755 825 2831 visitant,
840 2773 904 2822 uno
917 2766 1044 2822 rectore
1055 2765 1087 2821 et
1102 2756 1256 2820 ministris

85 2883 90 2907 ι
165 2852 374 2928 necessariis,
393 2853 537 2917 fundavit
553 2853 585 2915 in
601 2852 700 2917 tundo
716 2863 748 2918 et
763 2855 858 2920 horto
880 2854 920 2918 ad
943 2855 1005 2920 hoc
1020 2863 1206 2934 comparato
1223 2854 1255 2916 in

163 2953 271 3034 platea
285 2951 369 3016 dicta
385 2953 590 3032 Procsstroeto
606 2951 643 3030 (l)
659 2952 843 3034 collegium,
861 2951 948 3035 quod
971 2961 1105 3017 vocatur
1118 2952 1249 3017 Atreba-

84 3065 86 3074 ’
163 3059 272 3117 tense.

205 3150 256 3212 Ad
285 3147 379 3230 euius
405 3147 533 3229 collegii
562 3148 830 3214 sustentationem
857 3147 999 3230 quinque
1025 3143 1172 3215 colonias
1197 3167 1256 3216 seu

162 3250 261 3314 villas
276 3248 456 3332 applicuit:
481 3265 577 3314 unam
600 3249 683 3313 intra
705 3248 859 3329 oppidum
884 3247 1097 3322 Levaniense,
1121 3248 1255 3314 alteram

162 3350 196 3412 in
214 3365 298 3433 pago
314 3349 354 3413 de
368 3348 470 3429 Nerys
487 3349 538 3428 (b),
556 3348 680 3413 tertiam
696 3347 729 3410 in
746 3363 826 3429 pago
842 3348 883 3412 de
898 3347 1056 3411 Bevecom
1073 3345 1124 3425 (3),
1141 3345 1255 3427 inquo

161 3456 196 3514 et
211 3454 370 3530 quartam,
387 3447 531 3528 quintam
554 3446 587 3508 in
608 3463 690 3534 pago
712 3445 753 3510 de
776 3446 921 3520 bleldert,
946 3452 1074 3526 praeter
1096 3443 1255 3525 quosdam

159 3547 377 3630 particulares
400 3546 518 3610 fundos
540 3553 573 3630 ct
595 3544 742 3608 diversos
765 3545 900 3621 reditus,
924 3560 1050 3608 necnon
1066 3542 1265 3629 incorpora-U

90 3648 97 3655 '
159 3646 287 3710 cionem
303 3643 500 3708 decimarum
517 3641 589 3722 pagi
604 3641 644 3706 de
659 3641 788 3720 Brocht,
806 3659 888 3725 quae
904 3641 1117 3708 communiter
1132 3647 1257 3708 trecen·

161 3745 208 3810 tis
224 3739 359 3808 florenis
374 3740 489 3806 annuis
504 3739 603 3804 locari
619 3740 712 3806 solet.
728 3788 731 3793 -

202 3923 242 3998 (l)
263 3922 454 3995 Proefltraete,
481 3919 670 3986 Prooctrtrael,
691 3937 736 3973 rue
756 3917 791 3973 du
813 3917 925 3985 Prdoot,
948 3916 1135 3974 actualloment
1156 3935 1202 3975 rao
1224 3919 1255 3974 de

926 4006 938 4040 J

157 4017 372 4179 Nzirbraerps,
387 4102 565 4174 Neerysrche,
580 4098 676 4174 village
689 4099 788 4156 situel
809 4097 880 4158 deux
900 4097 983 4156 lienes
1005 4099 1055 4157 aud
1074 4074 1106 4157 do
1121 4099 1251 4156 Lournin.

201 4197 211 4255 t
214 4197 241 4269 3)
261 4196 395 4263 Berecon,
409 4210 471 4250 nom
484 4189 597 4250 flamaud
610 4189 642 4248 de
656 4189 851 4253 Beaurechain,
927 4227 930 4232 Δ
