3100 4938
642 397 828 462 -..ldi-

228 543 354 610 Nomen
368 543 465 609 babet
479 559 497 609 a
511 543 681 609 fundatore
695 541 828 610 Nicolao
844 543 956 622 Ruter,
973 560 1068 627 quem
1084 543 1138 618 alii
1153 547 1278 614 Ruivtm

188 642 362 724 appellant.
379 641 450 707 Fuit
471 642 500 708 is
521 641 624 724 patria
649 641 952 724 luxemburgensis,
972 642 1086 709 tertius
1107 644 1148 708 ad
1170 645 1279 712 divum

188 742 318 807 Petrum
343 740 476 806 Lovanii
502 757 520 806 a
547 741 586 804 lb
606 740 687 822 junii
710 740 791 804 1487
813 740 1030 822 praepositus,
1056 758 1160 824 eoque
1185 742 1280 811 titulo

187 837 381 905 Academiae
396 836 620 913 cancellarius,
638 837 813 904 canonicus
836 837 913 914 olim
936 838 976 903 ad
999 838 1124 904 beatam
1147 841 1280 907 Mariam

188 939 351 1020 Virginem
374 937 647 1013 Teneramundae,
672 936 916 1018 praepositurae
939 936 1003 1001 divi
1029 937 1168 1004 Bavonis
1194 939 1279 1020 apud

188 1035 418 1102 Harlemenses
447 1035 740 1102 commendatarius
762 1039 951 1116 perpetuus,
977 1034 1081 1100 tribus
1105 1053 1144 1102 ex
1165 1037 1279 1104 ordine

188 1134 389 1216 principibus
415 1134 529 1199 (larolo
553 1133 704 1216 pugnaci,
729 1132 799 1214 ejvs
823 1131 908 1197 filiae
930 1131 1050 1202 nanae
1073 1140 1104 1198 et
1130 1134 1277 1216 Philippo

186 1233 354 1298 archiduci
370 1249 388 1296 a
403 1231 561 1308 consiliis,
576 1229 820 1297 Cameracensis
837 1229 994 1296 ecclesiae
1007 1247 1064 1313 per
1076 1231 1278 1298 Brabantiam

187 1330 436 1397 archidiaconus
452 1337 483 1396 et
506 1331 683 1396 canonicus
706 1331 862 1412 hymnus
879 1328 932 1411 qui
956 1329 988 1392 in
1011 1329 1090 1394 aede
1112 1328 1279 1397 divi'Petri

186 1430 321 1497 Lovanii
335 1445 420 1495 anno
435 1430 526 1504 loon,
545 1429 596 1496 die
612 1430 631 1492 l
647 1429 786 1511 augusti,
803 1427 1007 1493 Atrebatensi
1031 1427 1124 1492 mitra
1139 1429 1278 1496 donatus

188 1528 259 1594 fuit.
273 1527 333 1593 Hic
345 1533 537 1594 testamento
552 1527 683 1594 condito
699 1544 784 1592 anno
801 1527 881 1590 1509
894 1525 1098 1608 magnificum
1115 1526 1176 1591 hoc
1190 1528 1278 1594 e'xci-

188 1627 268 1691 tavit
290 1625 473 1708 collegium,
498 1626 584 1708 quod
606 1631 637 1691 et
660 1624 828 1707 splendide
851 1623 985 1701 dotavit,
1001 1624 1160 1690 institutis
1182 1624 1216 1688 in
1239 1642 1279 1692 eo

188 1725 310 1802 bursis,
335 1732 370 1790 ut
390 1733 519 1800 vocant,
537 1723 679 1790 sedecim
704 1743 713 1788 z
737 1722 841 1788 tribus
863 1739 922 1804 pro
944 1723 1221 1798 Atrebatensibus,
1247 1732 1280 1790 et

184 1823 321 1888 totidem
343 1839 402 1904 pro
427 1821 726 1898 cameracensibus,
743 1820 849 1902 iisque
872 1820 1059 1886 choralibus
1076 1821 1145 1886 sive
1168 1820 1279 1901 pueris

145 1937 152 1950 ·
184 1923 301 1998 chori;
332 1921 409 1986 item
438 1927 577 2003 quatuor
606 1937 664 2002 pro
693 1919 1052 2001 Luxemburgensibus,
1084 1919 1188 1985 tribus
1217 1936 1276 2000 pro

186 2019 465 2095 Harlemensibus,
482 2019 607 2085 duabus
630 2035 688 2098 pro
708 2017 973 2093 lovaniensibus,
987 2033 1053 2094 una
1077 2034 1135 2098 pro
1158 2016 1276 2082 Brach-

182 2101 280 2175 tanis‚
305 2101 421 2166 artium
444 2108 475 2166 el
497 2100 721 2183 philosophiae
743 2099 900 2164 studiosis
922 2099 955 2162 in
978 2098 1176 2182 paedagogio
1196 2100 1275 2164 Por-

185 2200 290 2276 censi‚
308 2200 395 2281 quod
409 2199 548 2265 vicinius
564 2205 625 2275 est,
642 2198 792 2279 indeque,
810 2197 837 2262 si
854 2197 894 2261 ad
910 2197 943 2261 id
952 2196 1138 2278 Judicentur
1153 2197 1272 2289 idonei,

186 2297 370 2378 theologiae
384 2297 435 2363 vel
448 2297 531 2379 juris
546 2295 712 2372 canonici;
730 2311 908 2376 omnesque
932 2302 1005 2376 toga
1027 2295 1119 2359 talari
1143 2295 1224 2376 sive,
1243 2305 1276 2360 ut

185 2401 307 2460 statuta
323 2395 452 2471 habent,
471 2394 614 2459 tabardis
629 2393 735 2474 longis
751 2393 791 2456 ad
807 2393 890 2458 talos
905 2393 1059 2458 decenter
1074 2393 1125 2458 vel
1142 2392 1276 2458 clerica·
1395 2451 1396 2454 ,

185 2495 261 2560 liter
276 2493 421 2559 formatis
445 2500 574 2558 utantur
595 2508 731 2558 necesse
746 2500 813 2567 est3
832 2507 945 2573 neque,
961 2491 1048 2556 exire
1070 2499 1124 2556 aut
1148 2491 1278 2572 prodire

186 2593 219 2654 in
235 2591 402 2673 publicum
418 2592 567 2672 cuiquam
582 2589 774 2672 permissum
791 2596 853 2664 est,
871 2587 933 2653 nisi
955 2605 1066 2654 comes
1089 2588 1207 2669 aliquis
1223 2589 1278 2653 ad-

184 2691 229 2755 sit
244 2707 262 2754 a
278 2690 427 2772 praeside
437 2687 652 2771 deputandus.
667 2687 790 2752 Statuta
801 2703 878 2752 vero
891 2686 1011 2751 rectori
1023 2703 1060 2751 ac
1072 2686 1277 2754 scholaribus

187 2787 285 2869 hujus
299 2787 426 2869 collegii
442 2787 695 2868 praescripsere,
710 2803 750 2850 ex
762 2792 921 2866 potestate
934 2801 992 2864 per
1006 2784 1148 2848 ultimam
1164 2785 1276 2850 volun-

186 2893 285 2952 tatem
311 2883 491 2950 fundatoris
513 2884 574 2949 sibi
597 2885 690 2959 iacta,
707 2882 868 2948 Adrianus
890 2882 1044 2947 Florentii
1068 2882 1108 2946 de
1128 2882 1276 2963 Trajecto

185 2983 359 3062 (Adrianus
383 2983 423 3046 Vl
452 2982 605 3063 pontifex)
635 2988 667 3046 et
696 2981 837 3046 loannes
867 2979 1031 3060 Robbvns,
1062 2979 1275 3044 ecclesiarum

184 3081 429 3164 collegiatarum
445 3081 548 3146 sancti
565 3081 649 3146 Petri
664 3079 796 3145 Lovanii
817 3086 849 3144 et
871 3078 974 3143 sancti
996 3078 1148 3143 Rumoldi
1169 3078 1274 3144 blech-

187 3181 285 3245 liniae
300 3180 480 3262 respective
496 3179 620 3256 decani,
638 3177 822 3244 constitutis
843 3175 1064 3242 visitatoribus
1089 3183 1200 3242 curato
1217 3194 1275 3243 seu

188 3278 326 3360 plebano
357 3277 514 3344 ecclesiae
543 3275 647 3341 sancti
676 3275 762 3340 Petri
787 3283 820 3339 et
846 3273 995 3354 praeside
1020 3273 1274 3353 disputationum

188 3376 317 3457 collegii
343 3376 569 3460 theologorum
592 3373 660 3438 sive
682 3371 921 3438 sabbatinarum
946 3371 980 3434 in
1006 3371 1127 3436 scholis
1152 3371 1278 3437 theolo-

187 3475 291 3556 gicis;
323 3475 481 3555 publicata
511 3473 640 3538 demum
667 3487 752 3536 anno
781 3487 799 3535 a
828 3469 996 3536 Nativitate
1025 3470 1151 3535 Domini
1181 3469 1273 3545 l532,

189 3572 229 3636 l8
245 3572 442 3648 novembris,
458 3571 559 3636 altero
575 3577 782 3636 executorum
802 3569 926 3633 loanne
946 3567 1110 3649 Robbyns,
1131 3576 1205 3633 tunc
1220 3567 1276 3632 ad-

188 3671 253 3736 huc
268 3669 454 3751 superstite.
472 3668 608 3734 Moritur
625 3665 814 3732 Mechliniae
838 3666 882 3749 lb,
900 3665 1085 3730 novembris
1109 3665 1202 3742 1509,
1219 3665 1278 3734 sed

187 3765 364 3838 translatus
380 3778 429 3836 est
445 3769 631 3845 Lovanium,
655 3775 686 3832 et
701 3766 847 3847 sepultus
863 3767 896 3830 in
912 3766 1013 3832 choro
1029 3765 1092 3830 divi
1110 3766 1206 3839 Petri,
1225 3765 1278 3830 ubi

188 3871 260 3953 ejvs
283 3870 485 3952 sarcophago
509 3866 655 3949 apposita
676 3865 794 3930 lamina
816 3881 915 3930 aenea
938 3881 1011 3931 cum
1034 3865 1105 3945 ejus
1126 3864 1231 3947 effigie
1248 3873 1280 3930 et

188 3968 394 4050 insignibus3
417 3968 539 4032 circum
555 3968 634 4030 hacc
655 3964 753 4030 verba
768 3963 923 4045 inscripta
948 3981 956 4028 :
981 3980 1039 4027 uoc
1062 3982 1132 4028 snuo
1154 3982 1279 4028 racrrun

187 4085 393 4132 rrnnrrssruus
408 4084 498 4131 rnrnn
517 4064 524 4150 Ι
541 4079 683 4129 nruonnus
703 4081 799 4128 nvrna
821 4081 859 4128 nn
882 4080 1079 4128 uuxnuaunco
1098 4061 1104 4145 Ι
1123 4079 1280 4126 nrrscorus

231 4191 279 4235 ιιι.
1194 4161 1230 4225 ll
