3100 4938
640 505 682 516 -
704 469 824 534 lob-

224 654 243 692 u
259 631 394 698 Biennio
416 639 491 696 ante
512 629 647 708 obitum,
665 631 821 696 abdicatis
842 630 1019 696 decanatus
1037 629 1268 709 functionibus,

182 736 218 796 ut
239 729 377 796 liberius
399 728 468 795 beo
485 737 627 805 vacaret,
645 729 730 811 quod
754 729 861 795 triduo
883 735 956 794 ante
978 735 1114 795 mortem
1136 737 1273 796 testatus

101 866 105 870 -
182 835 244 905 est,
261 844 358 894 omne
380 833 510 910 tempus
532 827 565 891 in
588 827 833 910 praeparatione
851 826 891 893 ad
907 835 1050 893 sanctam
1072 836 1221 905 mortem,
1238 827 1272 892 in

182 925 247 1008 piis
268 923 545 1000 meditationibus,
562 924 596 989 in
611 925 798 1007 scripturae
821 940 933 991 sacrae
953 932 986 991 et
1006 933 1193 1021 sanctorum
1216 941 1271 1008 pa·

181 1032 268 1090 trum
302 1032 333 1090 et
363 1025 578 1090 asceticnrum
607 1023 746 1112 lectione
776 1022 977 1105 consumpsit
991 1046 1001 1100 ;-
1035 1040 1096 1089 nec
1125 1022 1268 1101 interea,

180 1122 310 1189 etiamsi
332 1121 419 1189 vires
441 1123 474 1186 in
489 1121 559 1188 dies
581 1121 717 1188 diminui
740 1123 887 1199 sentiret,
900 1139 919 1187 a
934 1122 1149 1204 praedicando
1170 1122 1271 1189 verbo

180 1221 237 1286 uei
260 1237 334 1286 cum
350 1221 464 1286 eodem
487 1220 603 1286 ardore
626 1220 775 1301 impediri
798 1221 913 1302 potuit.
930 1219 976 1284 Ex
990 1237 1054 1302 quo
1076 1219 1155 1285 illud
1178 1220 1272 1301 plane

181 1318 393 1386 memorabile
415 1326 447 1384 et
470 1317 651 1384 mirandum
673 1311 819 1401 contigit,
843 1327 876 1384 ut
899 1317 1136 1392 vitamfinierit
1158 1319 1272 1385 eodem

180 1418 290 1492 modo,
315 1433 381 1498 quo
405 1417 494 1480 illam
519 1415 667 1482 finivisse
694 1426 841 1483 sanctum
869 1415 1073 1483 Ambrosium
1102 1416 1135 1481 in
1161 1417 1272 1482 ultima

179 1515 340 1582 concione
363 1514 533 1581 exhibebat
554 1515 687 1596 populo.
708 1515 837 1582 Scilicet
858 1515 904 1581 uti
926 1523 1058 1582 sanctus
1080 1515 1272 1580 Ambrosius

180 1611 476 1694 persecutionibus,
502 1610 763 1689 adversitatibus,
788 1613 931 1695 jejuniis,
958 1613 1124 1679 literarum
1150 1612 1270 1689 studio,

179 1710 272 1777 verbi
294 1710 351 1776 bei
374 1709 581 1792 praedicandi
609 1710 774 1777 indefesso
797 1711 925 1786 ardore,
956 1711 1085 1776 tandem
1106 1710 1272 1776 exhaustis

182 1817 315 1875 naturae
329 1808 463 1882 viribus,
480 1808 605 1874 felicem
620 1816 757 1876 mortem
773 1809 918 1891 oppetiit,
931 1808 975 1874 ita
990 1807 1272 1890 persecutionibus

180 1913 215 1972 et
235 1906 466 1974 adversitatum
488 1906 661 1984 molestiis,
678 1907 808 1973 assidua
830 1906 929 1970 animi
950 1907 1175 1988 applicatione,
1189 1905 1272 1988 jeiu-

179 2005 256 2082 niis,
270 2022 353 2088 quae
369 2005 524 2086 protraxit
538 2006 578 2070 ad
595 2012 722 2087 tempus
733 2005 800 2086 jam
814 2005 999 2087 incipientis
1016 2004 1131 2081 morbi,
1147 2004 1271 2070 uiribus

179 2103 277 2168 etiarn
293 2103 481 2190 exhaustus,
495 2102 556 2168 sub
572 2102 657 2169 mole
672 2103 819 2168 laborum
835 2102 938 2184 pridie
952 2102 1132 2169 Natiuitatis
1144 2101 1272 2168 bomini

179 2201 257 2265 anni
273 2201 351 2265 1811
369 2201 455 2280 (nVlr
470 2200 742 2266 Gondloanronvll
757 2199 893 2280 brunon
910 2201 969 2267 sed
986 2200 1028 2264 ita
1041 2201 1115 2276 ruit,
1136 2207 1171 2266 ut
1184 2199 1273 2267 uiati-

178 2315 311 2375 cum,ue
325 2298 523 2381 improvisus
544 2315 640 2365 casus
656 2315 729 2365 eum
745 2299 941 2380 praeveniat,
958 2298 991 2361 in
1007 2299 1127 2364 sacello
1142 2298 1270 2364 domes·

176 2396 261 2473 tico,
281 2396 315 2475 in
339 2396 446 2478 ipsum
472 2396 569 2463 tinem
594 2396 790 2462 sacrificium
814 2396 967 2474 offerens,
984 2396 1046 2461 sibi
1071 2397 1134 2477 ipsi
1158 2395 1272 2462 minis·

181 2502 285 2560 traret
299 2495 410 2561 ultima
425 2495 586 2561 dominica
601 2496 653 2561 die
668 2495 744 2560 anni
757 2496 849 2560 1811.

220 2592 300 2658 Post
313 2593 459 2669 biduum,
476 2594 596 2660 indicta
612 2594 730 2660 medici·
746 2593 868 2676 jndicio
891 2593 1028 2660 solemni
1049 2588 1268 2662 sacramento·

177 2706 251 2755 rum
278 2689 567 2769 administratione,
595 2705 689 2774 quam
715 2692 859 2774 diligenti
888 2693 1145 2774 praeparatione,
1173 2706 1269 2774 quam

173 2787 249 2854 viva
274 2787 350 2865 tide,
374 2805 469 2872 quam
495 2789 587 2854 firma
613 2807 683 2872 spe,
706 2805 802 2871 quam
827 2790 960 2856 ardente
981 2790 1126 2866 caritate,
1151 2796 1270 2872 quanta

178 2887 429 2968 compunctione
441 2886 539 2951 animi
555 2887 638 2953 inter
650 2887 801 2969 copiosas
814 2886 1008 2953 adstantium
1021 2887 1270 2952 sacerdotum'ct

177 2984 322 3050 fidelium
344 2984 567 3051 comitantium
588 2986 746 3068 lacrymas
769 2986 914 3068 suscepit
936 2985 1015 3050 baec
1038 2985 1149 3050 ultima
1168 2983 1269 3049 divini

175 3082 300 3149 amoris
325 3083 484 3169 pignora!
516 3083 674 3150 Postridie
699 3085 878 3168 apostolica
905 3083 1144 3160 benedictione,
1172 3099 1269 3165 quam

174 3181 249 3262 ipse
274 3189 456 3264 rogaverat,
483 3181 635 3259 donatus,
660 3183 746 3266 quod
772 3183 933 3266 reliquum
959 3182 1017 3260 luit
1041 3181 1208 3264 temporis,
1234 3183 1269 3248 in

175 3280 449 3362 contemplatione
470 3281 598 3359 divinae
622 3282 786 3358 bonitatis,
812 3281 932 3348 amoris
954 3289 987 3348 et
1012 3281 1265 3359 misericordiae,

175 3395 259 3461 quae
281 3380 435 3446 continuo
460 3379 495 3444 in
518 3379 748 3458 orcbabebat,
773 3381 807 3444 in
829 3379 891 3462 piis
913 3379 1066 3463 suspiriis
1089 3387 1120 3445 et
1142 3379 1267 3446 crebris

176 3485 309 3544 sanctae
328 3478 441 3544 Crucis
462 3478 663 3559 amplexibus
685 3478 870 3560 insumpsit,
887 3479 991 3545 donec
1006 3479 1145 3555 tandem,
1161 3484 1266 3543 morte

174 3575 453 3656 correspondente
473 3577 559 3642 uitae
574 3577 657 3643 bene
671 3583 773 3653 actae,
790 3577 928 3642 animam
943 3577 1010 3644 Deo
1033 3577 1183 3642 redderet
1197 3591 1266 3642 me·

174 3665 231 3740 dio
246 3675 361 3741 tertiae
376 3685 566 3752 nocturnae,
586 3676 622 3740 lu
634 3675 773 3757 januarii
789 3675 880 3741 1812.

310 3889 525 3953 Fundationes
547 3888 710 3954 bursarum
731 3891 766 3953 in
787 3889 911 3971 collcpio
935 3843 1139 3952 atrebatensi.
1222 3897 1225 3902 ’

217 4083 247 4146 1.
272 4083 435 4156 Fundator
456 4085 603 4148 Niccluus
628 4087 726 4150 linter
750 4103 835 4150 anno
861 4085 941 4150 tuus
965 4084 1101 4151 instituit
1120 4083 1264 4151 sedecim

169 4183 305 4247 bursas.
320 4181 400 4248 Vide
416 4199 514 4264 supra
529 4201 561 4264 p.
579 4184 650 4248 tub.
