3014 4946
740 441 926 506 ..348-

295 623 406 682 sores,
437 605 582 671 strictum
611 606 706 672 istius
732 605 893 671 facultatis
921 606 1093 688 collegium
1121 607 1377 686 constituentes,

296 703 454 769 neminum
477 721 588 769 eorum
612 703 822 786 imposterum
843 705 884 770 ad
904 721 1036 770 examen
1052 705 1209 786 nequead
1230 705 1379 774 licentiae

295 803 429 884 gradum
450 802 660 879 admissuros
679 803 751 892 nisi
764 803 872 870 debito
894 820 1021 868 morum
1041 811 1073 870 et
1094 803 1278 886 diligentiae
1293 807 1378 872 testi-

295 901 403 965 monio
419 917 437 966 a
453 900 584 966 domino
601 901 749 983 praeside
764 895 913 966 instructi
929 901 1059 966 luerint.

336 1097 536 1179 Quapropter
560 1115 674 1164 omnes
696 1098 783 1164 sario
809 1097 1019 1164 admonemus
1044 1107 1076 1164 et
1101 1101 1318 1177 exhortamur,
1347 1109 1382 1167 ut

171 1204 180 1222 ⁸
294 1197 446 1262 laudabili
472 1197 663 1272 fundatoris,
691 1197 784 1278 cuius
811 1197 956 1279 pecuniis
983 1198 1122 1275 aluntur,
1150 1198 1320 1265 intentioni
1342 1217 1382 1268 aa

294 1296 443 1360 mandato
470 1302 617 1376 pareant·
639 1312 738 1377 seque
764 1295 797 1358 in
822 1291 971 1360 omnibus
997 1295 1113 1377 dignos
1137 1297 1316 1374 exhibeant,
1345 1308 1382 1364 ut

294 1395 437 1459 moribus
463 1411 500 1458 ac
525 1393 688 1475 diligentia
714 1393 753 1458 ad
784 1393 915 1460 altiores
945 1395 1065 1476 gradus
1092 1396 1310 1462 commendari
1341 1414 1381 1463 ac

294 1492 475 1574 promoveri
490 1499 685 1559 mercantur.
766 1573 768 1580 Ι
1011 1517 1014 1527 ·

334 1705 380 1773 Ita
395 1706 575 1772 ordinatum
590 1723 627 1772 ac
643 1712 796 1771 statutum
813 1707 872 1771 hac
887 1707 927 1770 al
941 1707 1095 1773 februarii
1111 1707 1204 1773 1766.

541 1857 624 1920 1.-Β.
641 1857 769 1932 decane,
786 1856 927 1922 decanus
943 1857 1046 1922 sancti
1063 1859 1159 1934 Petri,
1176 1859 1337 1940 provisor.

539 1955 574 2019 F.
590 1956 703 2031 incorr,
720 1943 853 2038 praeses
872 1955 1002 2038 collegii
1028 1958 1200 2040 trilinguis,
1217 1957 1381 2040 provisor.

539 2054 614 2118 l.-l.
631 2055 676 2118 De
688 2055 798 2130 Subur,
816 2055 995 2121 anatomiaa
1011 2065 1043 2121 et
1057 2057 1239 2140 chirurgiae
1254 2058 1383 2140 proles·

579 2171 647 2230 sor,
665 2171 722 2234 pro
738 2161 883 2235 tompore
898 2155 1051 2220 decanus.

334 2346 532 2428 infrascripti
559 2347 736 2414 medicinae
765 2348 917 2414 doctores
945 2357 978 2415 et
1002 2351 1205 2431 professores
1234 2352 1378 2432 primarii

196 2455 198 2461 ·
293 2452 409 2512 statuta
431 2447 558 2528 collegii
581 2446 764 2529 Brugeliani
779 2447 832 2512 hic
854 2448 1004 2528 superius
1026 2449 1134 2531 posita
1148 2452 1378 2532 approbamus.

374 2643 517 2722 Lovanii‚
534 2643 575 2708 al
589 2643 740 2710 februarii
756 2645 847 2710 1766.

539 2795 670 2860 Α.-6.-7.
687 2797 750 2860 an
765 2797 899 2874 Russus,
916 2815 958 2862 m.
976 2799 1007 2864 d.
1025 2817 1106 2885 p.p.

539 2895 636 2958 Mnar.
653 2893 776 2959 Vnunnn
791 2895 905 2971 Bauer,
923 2898 1007 2965 med.
1030 2899 1116 2964 doct.
1133 2904 1166 2966 et
1180 2897 1264 2981 proi.
1282 2896 1376 2981 prim.

333 3207 399 3273 Nos
411 3203 792 3279 Cunrsnrnnusl'unswnnr‚
803 3221 914 3270 sacrae
926 3204 1107 3287 theologiae
1119 3204 1234 3272 doctor
1245 3225 1375 3291 regens

291 3323 418 3374 necnon
433 3304 529 3386 hujus
541 3304 642 3368 almae
653 3302 879 3368 Universitatis
895 3320 952 3385 pro
965 3313 1109 3385 tempore
1124 3313 1243 3382 rector,
1258 3315 1375 3374 sutura

291 3405 419 3488 collegii
447 3401 629 3484 Brugoliani
664 3417 682 3464 a
717 3402 955 3467 venerabilibus
984 3401 1124 3468 dominis
1152 3404 1375 3485 provisoribus

292 3505 385 3570 nobis
400 3502 551 3579 exhibita,
569 3508 601 3568 et
616 3500 887 3582 perclarissimos
902 3501 1052 3584 dominos
1068 3501 1247 3570 medicinae
1261 3504 1374 3570 docto-

289 3611 397 3670 rasel
422 3602 626 3684 professores
649 3599 820 3680 primarios
842 3601 1030 3682 approbata,
1054 3600 1173 3682 pariter
1194 3602 1373 3676 laudamus,

288 3702 515 3784 approbamus
533 3700 726 3782 plenumque
741 3699 884 3781 vigorem
900 3699 1010 3764 sortiri
1026 3699 1186 3766 volumus.

331 3802 445 3866 ilatum
468 3797 598 3865 Lovanii
619 3798 679 3863 bac
701 3798 741 3862 al
764 3797 916 3863 februarii
938 3797 1030 3876 1766,
1054 3797 1116 3865 sub
1137 3798 1377 3882 sigilloncstro

210 3916 212 3924 ’
288 3899 438 3966 rectorali
454 3887 485 3964 et
500 3896 665 3964 secretarii
680 3897 784 3962 nostri
799 3896 975 3979 signatura.

330 3999 376 4064 lle
391 3996 537 4064 mandato
553 3993 713 4079 magnifici
730 3995 852 4060 domini
868 3994 1017 4074 rectoris,

768 4143 861 4210 e-l.
879 4144 1065 4222 Hnuuarntut,
1080 4145 1280 4214 secretarius.
