3100 4938
737 425 776 439 -
791 379 859 457 Ι180
881 427 921 454 -.-

326 578 343 613 »
361 555 437 620 ltem
462 555 493 617 in
511 564 672 632 eventum,
690 574 755 638 quo
770 558 868 639 aliqui
890 574 927 622 ex
950 555 1128 621 redditibus
1149 553 1286 635 collegio
1309 568 1369 617 suo

281 654 333 720 vel
351 653 460 734 pueris
475 655 578 718 sancti
595 655 680 720 Petri
695 658 858 722 autetiam
876 673 934 737 pro
949 653 1169 720 anniversario
1182 669 1242 717 suo
1257 651 1370 734 legatis

282 751 500 832 dequitentur‚
522 752 623 816 voluit
647 770 686 817 ex
709 763 785 819 tunc
806 754 960 837 pecunias
983 754 1057 818 inde
1080 751 1308 833 provenientes
1331 751 1370 813 ad

286 851 367 915 alios
384 850 528 915 redditus
544 851 639 916 etiam
655 851 868 918 hereditarios
884 852 1033 917 similiter
1048 849 1213 931 applicari.

328 971 345 1006 a
363 949 442 1013 ltem
458 948 576 1030 legavit
591 959 622 1014 et
638 950 766 1031 reliquit
779 951 864 1016 idem
879 951 1029 1015 dominus
1045 957 1180 1013 testator
1195 945 1371 1012 venerabili

285 1056 318 1111 et
332 1049 465 1129 egregio
478 1048 550 1111 viru
566 1049 696 1113 domino
713 1066 750 1114 ac
767 1049 919 1130 magistro
937 1058 1049 1113 nostro
1064 1047 1205 1111 Adriano
1218 1045 1372 1110 Florentii

285 1148 325 1212 de
354 1145 501 1227 Treiecto
532 1145 583 1224 ll),
614 1145 718 1211 dictae
747 1148 885 1213 ecclesia
915 1147 1018 1217 sancti
1048 1145 1131 1211 Petri
1162 1143 1373 1209 Lovaniensis

284 1244 421 1319 decano,
450 1261 546 1308 unum
573 1253 696 1325 portum
722 1257 921 1328 argenteum,
939 1262 1034 1327 quem
1059 1244 1211 1313 dominus
1238 1251 1376 1308 testator

286 1342 426 1413 asseruit
438 1359 473 1406 se
485 1343 603 1408 babere
619 1344 698 1409 satis
712 1361 873 1424 magnum,
888 1361 1006 1424 rogans
1021 1343 1182 1418 cumdem,
1198 1351 1231 1406 nt
1246 1351 1279 1405 et
1293 1351 1374 1404 tam·

287 1457 382 1522 quam
398 1440 493 1520 hujus
511 1443 694 1507 testamenti
715 1443 766 1507 sui
789 1442 989 1507 executionis
1005 1441 1047 1518 (in
1070 1440 1187 1522 quibus
1202 1440 1242 1503 ab
1258 1455 1376 1504 execu-

285 1539 411 1604 toribus
426 1540 496 1604 suis
509 1540 684 1621 requisitus
697 1540 802 1618 fuerit)
816 1540 1099 1622 superintendens,
1109 1539 1233 1604 eisdem
1246 1554 1377 1604 omnem

288 1630 505 1703 assistentiam
535 1639 641 1702 lacere
671 1638 820 1720 dignetur
845 1648 877 1702 et
901 1639 1031 1703 oculum
1060 1638 1100 1702 ad
1130 1637 1252 1702 dictum
1281 1653 1377 1700 suum

287 1735 459 1817 collegium
474 1745 506 1800 et
523 1753 641 1816 pueros
657 1737 760 1802 saneti
778 1739 862 1802 Petri
879 1737 998 1802 babere
1013 1747 1046 1801 et
1060 1736 1108 1801 eis
1124 1737 1157 1798 in
1173 1734 1378 1802 necessitati-

288 1835 348 1900 bus
364 1837 433 1899 suis
448 1836 602 1901 assistere
616 1837 705 1901 volit.
1165 1865 1166 1869 ¹

329 1956 347 1991 »
359 1933 536 1998 Residuum
553 1951 686 1999 suorum
698 1946 935 2016 argenteorum,
950 1935 990 1998 de
1005 1935 1123 2016 quibus
1140 1951 1238 2015 supra
1252 1942 1283 1998 et
1296 1933 1378 1996 infra

290 2047 355 2103 nou
379 2040 429 2096 est
454 2031 658 2112 dispositum,
682 2033 766 2098 idem
790 2034 940 2098 dominus
967 2042 1101 2098 testator
1129 2034 1200 2097 usui
1224 2033 1303 2096 dicti
1326 2032 1378 2095 sui

288 2130 417 2210 collegii
434 2131 550 2211 legavit
565 2141 597 2196 et
613 2132 751 2213 reliquit.

232 2291 233 2295 ,
329 2252 346 2286 »
364 2228 539 2312 Residnurn
566 2248 643 2294 vero
669 2231 811 2294 omnium
838 2247 972 2295 suorum
999 2234 1170 2304 bonorum,
1195 2230 1235 2293 de
1259 2228 1378 2309 quibus

288 2335 362 2390 ante
383 2328 433 2390 vel
461 2337 533 2407 post
556 2345 620 2392 non
643 2337 693 2393 est
719 2346 776 2410 per
798 2330 973 2410 praelatum
1000 2330 1165 2394 dominum
1188 2336 1378 2392 testatorem

290 2425 493 2504 dispositum,
522 2427 606 2490 idem
628 2427 777 2492 dominus
802 2437 935 2493 testator
961 2429 1091 2510 reliquit
1115 2429 1147 2491 in
1174 2437 1241 2492 tres
1268 2433 1379 2506 partes

291 2523 440 2602 aequales
456 2524 674 2601 dividendum,
690 2526 731 2590 ita
747 2527 833 2608 quod
849 2527 881 2589 in
898 2526 1083 2607 hujusmodi
1101 2527 1195 2591 tertia
1209 2535 1300 2606 parte
1312 2539 1391 2588 uon·

287 2622 404 2684 cedant
417 2621 515 2702 aliqui
531 2623 676 2687 redditus
692 2623 895 2688 haereditarii
909 2644 917 2702 ;
935 2642 1071 2705 quarum
1089 2625 1227 2705 partium
1243 2623 1380 2704 primam

290 2726 409 2796 partem
426 2719 563 2800 collegio
579 2739 639 2786 suo
655 2731 686 2786 et
701 2724 875 2786 secundam
898 2725 1008 2788 domui
1024 2725 1185 2789 dictorum
1202 2739 1381 2804 puerorum

289 2816 391 2879 soracti
408 2818 492 2880 Petri
508 2819 540 2881 iu
564 2819 743 2908 redditibus
760 2823 965 2887 hereditariis
980 2825 1233 2888 convertendam
1248 2821 1379 2902 legavit,

288 2927 326 2977 ac
342 2915 466 2977 tertiam
484 2926 604 2994 partem
621 2919 781 2982 subdividi
796 2921 897 2984 voluit
919 2921 951 2983 in
976 2924 1057 2986 duas
1081 2933 1190 3001 partes
1212 2921 1377 3001 aequales,

198 3071 202 3078 .
289 3027 424 3090 quarum
446 3014 541 3076 etiam
564 3017 698 3094 primam
722 2999 844 3097 parter'n
867 3021 998 3100 reliquit
1020 3021 1219 3084 monasterio
1245 3021 1379 3082 fratrum

290 3109 446 3180 llinorum
465 3114 503 3176 ad
521 3131 603 3194 opus
617 3115 836 3180 aedificiorum
852 3117 1010 3199 ejusdem,
1028 3131 1060 3184 et
1076 3120 1232 3200 reliquam
1250 3132 1381 3181 monas-

291 3207 369 3271 terio
404 3209 677 3277 carthusiensium
707 3214 953 3280 lovaniensium
990 3235 1048 3297 pro
1084 3216 1382 3282 necessariissnis

288 3307 550 3370 convertendam.

333 3425 351 3458 »
366 3403 443 3468 ltem
459 3405 592 3485 insuper
606 3409 765 3476 ordinavit
780 3412 885 3476 dictus
901 3413 1053 3478 dominus
1070 3424 1221 3489 testator,
1239 3414 1324 3494 quod
1341 3429 1382 3476 ex

293 3497 1381 3592 bonisomnibuS,dictosuocollegio‚sicutpraemittitur‚pereum

289 3591 402 3674 legatis
419 3608 449 3662 et
466 3602 569 3664 eidem
586 3604 680 3668 etiarn
693 3623 731 3670 ex
743 3609 828 3672 dicto
844 3611 976 3674 re'siduo
993 3613 1119 3676 ratione
1137 3613 1241 3676 dictae
1259 3612 1382 3692 primae

293 3693 402 3758 tertiae
419 3699 516 3774 partis
538 3700 684 3780 eiusdem
706 3706 827 3771 residui
844 3710 1061 3788 proventuris,
1079 3711 1248 3776 residuum
1265 3727 1383 3790 super-

292 3804 482 3858 excrescens
500 3797 579 3861 ultra
595 3817 692 3865 onera
705 3803 737 3866 in
751 3807 912 3883 praesenti
926 3825 986 3874 suo
1004 3817 1199 3874 testamento
1216 3810 1385 3889 descripta

292 3895 325 3945 et
349 3890 491 3956 ordinata
515 3897 607 3960 tinnis
631 3899 766 3980 singulis
788 3903 871 3968 inter
897 3907 1136 3984 praesidentem
1160 3917 1193 3972 et
1215 3908 1386 3972 bursarios

330 4095 368 4165 (l)
389 4097 458 4154 O'est
473 4100 508 4156 lui
522 4107 580 4174 qui,
595 4107 660 4163 dans
674 4109 698 4164 la
712 4112 790 4178 suite,
806 4113 896 4170 devint
911 4136 977 4190 pope
992 4137 1054 4174 sous
1068 4118 1091 4175 le
1107 4138 1168 4176 nom
1183 4119 1314 4176 d'ddrieu
1329 4119 1384 4176 Vl.
