3090 4956
751 433 935 500 -lal-

297 650 448 732 Eccerpto
460 669 499 714 ec
511 657 690 713 testamento
701 653 832 714 loannis
844 650 988 723 llfuldert',
1001 651 1135 730 episcopi
1146 652 1372 731 Antucrpt'enst't

474 753 506 811 in
522 749 631 830 quibus
645 749 856 827 surtdott'onem
873 747 992 827 collcpt't'
1007 749 1057 809 sui
1072 749 1204 810 ordinat.

337 1095 469 1158 Praeses
491 1093 618 1174 collegii
642 1092 702 1156 mei
718 1091 927 1156 Lovaniensis
946 1107 1042 1172 supra
1065 1107 1209 1156 mensam
1232 1109 1322 1156 suam
1345 1101 1374 1155 et
1435 1091 1437 1094 ’

295 1208 496 1258 communem
523 1192 674 1255 famulum
698 1190 826 1254 babebit
851 1198 979 1254 centum
1003 1188 1144 1254 florenos
1171 1189 1204 1250 in
1230 1190 1374 1270 singulos

295 1309 409 1356 annos.
433 1290 478 1354 Sit
498 1299 603 1355 autem
626 1305 736 1354 sacrae
758 1288 938 1368 theologiae
964 1287 1145 1352 licentiatus
1172 1288 1222 1351 vel
1249 1289 1372 1352 doctor«

295 1387 406 1454 Omnia
427 1391 619 1451 munimenta
641 1387 866 1452 concernentia
884 1387 1056 1468 collegium
1079 1402 1183 1450 meum
1205 1386 1238 1448 in
1260 1387 1371 1450 codem

295 1495 510 1552 asserventur.
526 1487 659 1550 Praeses
676 1486 811 1567 singulis
828 1485 920 1548 annis
935 1485 1020 1548 circa
1037 1485 1152 1549 festum
1169 1485 1269 1547 sancti
1284 1484 1375 1548 loan-

296 1585 345 1649 nis
361 1585 472 1649 reddet
493 1593 693 1666 computum;
712 1583 816 1664 ipsum
839 1584 923 1648 enim
940 1583 1058 1646 habere
1080 1583 1154 1646 volo
1173 1581 1375 1645 administra

295 1686 413 1750 tionem
431 1693 641 1764 proventuum
658 1683 797 1764 collegii.

337 1880 369 1943 Si
385 1881 558 1960 contingat,
576 1880 659 1960 quod
676 1880 780 1943 bonus
798 1881 880 1942 fleus
896 1879 1031 1943 avertat!
1051 1875 1223 1940 lovanium
1239 1875 1373 1940 obtineri

299 1979 337 2042 ab
353 1979 499 2043 hostibus
515 1978 679 2057 religionis
699 1988 827 2041 nostrae
842 1976 1027 2051 catholicae,
1045 1975 1077 2036 in
1094 1982 1250 2054 potestate
1270 1975 1373 2052 provi·

298 2093 407 2157 sonum
431 2094 469 2141 eo
492 2086 605 2140 eventu
633 2076 693 2138 erit
719 2076 892 2140 transferre
919 2074 1135 2138 fundationem
1161 2081 1304 2136 nostram
1328 2073 1372 2150 (ad

297 2185 434 2254 tempus,
463 2192 526 2254 quo
551 2175 611 2237 ista
637 2174 803 2253 occupatio
830 2174 968 2250 duraret)
991 2172 1029 2236 ad
1050 2173 1146 2235 alium
1172 2173 1372 2236 commodum

296 2274 402 2337 locum
418 2273 479 2336 sibi
497 2273 684 2352 placentem.

340 2371 569 2435 bibliothecam
593 2386 693 2434 meam
711 2370 855 2450 relinquo
878 2369 1013 2450 collegio
1030 2387 1046 2432 a
1063 2386 1113 2433 me
1131 2369 1307 2433 fundando.
1325 2369 1373 2430 lli·

297 2472 369 2534 dem
386 2469 521 2550 collegio
536 2471 589 2542 do,
604 2469 674 2547 lego
689 2467 795 2530 omnia
810 2467 928 2547 scripta
941 2484 1010 2530 mea
1023 2469 1212 2548 theologica.
1229 2469 1271 2531 lle
1287 2467 1373 2531 libris

297 2569 466 2648 prohibitis
482 2569 628 2647 relinquo
642 2566 762 2645 ludioio
778 2575 982 2629 executorum
1000 2583 1154 2639 meorum,
1169 2566 1296 2646 quinam
1313 2567 1375 2630 siut

298 2666 483 2730 asservandi
500 2666 559 2729 sub
575 2666 734 2738 clausura,
752 2663 880 2743 quinam
895 2680 971 2728 vcro
987 2664 1122 2745 flammis
1139 2664 1295 2727 tradendi.

338 2863 513 2944 Collegium
531 2872 634 2926 autem
652 2878 754 2925 meum
772 2860 968 2924 lovaniense
991 2848 1088 2925 fundo
1104 2870 1135 2924 et
1151 2861 1226 2925 doto
1242 2861 1274 2924 in
1291 2861 1373 2925 buno

299 2963 426 3026 modum
445 2979 452 3025 :
470 2963 503 3024 ln
522 2962 631 3042 primis
654 2961 782 3023 domum
803 2967 833 3022 et
854 2959 983 3022 fundum
1007 2959 1176 3039 integrum,
1195 2970 1290 3040 prout
1305 2977 1373 3024 eum

298 3061 358 3124 erni
385 3078 402 3123 a
429 3061 559 3124 domino
587 3059 746 3123 Ludovico
773 3057 946 3138 Tempelio‚
975 3057 1149 3122 drossardo
1176 3059 1372 3132 brabantiae,

297 3159 391 3222 situm
417 3175 515 3238 prope
538 3159 764 3222 monasterium
788 3158 890 3221 sancti
910 3157 1046 3231 Martini,
1064 3157 1112 3220 vel
1135 3157 1204 3238 ejus
1228 3158 1372 3238 pretium,

298 3257 391 3335 pleno
412 3256 484 3335 jure
500 3256 613 3336 reliqui
630 3266 660 3320 et
676 3257 822 3335 relinquo
838 3255 876 3318 ad
894 3273 986 3319 usum
1004 3255 1079 3319 dicti
1103 3256 1240 3335 collegii.
1259 3255 1374 3320 Habeat

295 3363 399 3418 autern
417 3371 473 3432 pro
493 3354 567 3418 dote
583 3355 716 3428 reditus,
735 3370 815 3434 quos
832 3355 893 3418 emi
918 3364 1058 3432 tempore
1075 3355 1279 3434 episcopatus
1301 3355 1371 3427 mei,

297 3469 398 3532 usque
414 3453 451 3515 ad
462 3452 527 3531 ‘tria
540 3453 636 3514 millia
652 3451 848 3516 florenorum
860 3468 964 3516 annue
979 3468 1050 3514 cum
1068 3453 1135 3515 suis
1148 3451 1316 3531 areragiis;
1331 3459 1372 3522 et,

297 3550 414 3630 siquid
439 3549 574 3614 defuerit
597 3553 691 3627 (rruno
706 3550 789 3614 enim
817 3557 938 3613 tantum
959 3549 1060 3613 habco
1076 3549 1231 3630 ejusmodi
1256 3547 1374 3613 reditus

300 3664 400 3728 usque
421 3649 459 3710 ad
482 3646 562 3710 2892
575 3647 715 3712 florenos
731 3652 857 3726 annuet,
875 3648 953 3712 illud
977 3648 1177 3728 supplebitur
1192 3665 1231 3711 cx
1247 3646 1374 3728 praedio

297 3745 337 3810 de
360 3747 516 3810 Bersclrot
538 3763 595 3826 per
611 3747 778 3810 haeredem
806 3763 911 3810 meum
939 3747 1045 3810 statim
1072 3763 1089 3808 a
1113 3755 1214 3810 morte
1238 3762 1318 3810 mea.
1341 3744 1374 3806 ln

296 3845 431 3926 collegio
448 3855 552 3910 autem
569 3846 641 3910 volo
658 3845 800 3926 singulas
816 3845 931 3910 bursas
947 3863 1021 3911 csse
1038 3853 1164 3910 centum
1182 3845 1373 3909 florenorum

294 3961 410 4010 annue.
440 3945 474 4006 ln
502 3945 552 4008 lris
579 3945 730 4024 praeferri
758 3945 831 4008 volo
857 3943 1125 4025 consanguineos,
1155 3952 1185 4008 et
1211 3945 1293 4007 inter
1319 3956 1373 4006 eos

295 4045 395 4124 magis
423 4043 499 4105 milri
522 4043 711 4123 conjunctos
731 4043 782 4120 iis,
801 4043 853 4124 qui
870 4043 975 4106 minus
1001 4041 1163 4123 coniuncti
1186 4041 1314 4106 fuerint.
1337 4039 1374 4102 Et

296 4141 441 4225 quamvis
467 4149 573 4220 optem
601 4157 724 4218 omnes,
752 4141 806 4224 qui
830 4142 877 4207 eis
899 4141 1091 4224 gaudebunt,
1120 4141 1188 4205 freni
1212 4138 1373 4205 studiosos
