3130 4942
685 455 896 540 .'’34'''

271 618 485 700 Burgundios
502 619 541 683 ab
557 635 640 684 anno
653 619 732 682 4463
744 617 920 684 canonicus
935 617 974 681 ad
987 624 1132 682 sanctum
1145 617 1355 683 Donatianhm

270 717 399 797 brugis,
412 734 429 782 a
441 718 619 799 l3augusti
632 716 711 782 4444
727 716 929 799 praepositus
946 723 976 781 et
991 714 1238 782 archidiaconus
1250 717 1355 782 Ultra-

266 813 417 895 jectinus.
431 814 503 881 Fuit
519 816 613 880 etiam
630 815 806 881 canonicus
820 823 851 881 et
863 822 974 880 custos
990 814 1183 880 cathedralis
1199 813 1356 880 leodien·

270 911 327 986 sis,
342 930 468 978 necnon
484 915 687 995 praepositus
703 913 806 980 sancti
828 913 978 978 Rumoldi
1002 913 1192 978 Mechliniae
1215 920 1246 978 et
1262 923 1356 978 sanc·

269 1017 320 1075 tae
335 1011 512 1076 Pharaildis
525 1012 677 1076 Gandavi.
696 1011 780 1075 Obiit
795 1010 983 1096 mechliniae
996 1011 1035 1073 47
1048 1012 1098 1076 444
1110 1010 1150 1074 49
1162 1011 1356 1091 septembris

269 1108 360 1174 4499.
385 1109 416 1174 44
438 1110 478 1172 40
497 1101 692 1192 'septembris
716 1111 796 1174 4495
818 1109 947 1192 reliquit
968 1109 1105 1190 collegio
1128 1110 1352 1190 theologorum

268 1222 325 1271 sex
340 1207 438 1272 libras
454 1225 642 1289 grossorum
660 1225 781 1273 annuas
805 1207 949 1288 (capitale
970 1207 1031 1270 546
1055 1207 1251 1272 florenorum
1267 1223 1355 1272 carn·
1446 1260 1454 1272 .

267 1303 406 1384 bialiunr)
436 1323 493 1387 pro
516 1305 781 1388 duabusbursis.
811 1305 961 1372 Similiter
987 1304 1129 1370 fundavit
1158 1305 1189 1368 in
1216 1301 1354 1386 collegio

207 1419 223 1434 ·
267 1401 546 1468 baccalaurecrum
559 1403 642 1484 Juris
658 1403 825 1484 utriusque
842 1403 970 1467 bursam
987 1419 1093 1466 unam.
1109 1404 1229 1466 44444444
1244 1404 1288 1466 ll.

307 1501 462 1566 VideVnu
483 1502 635 1576 boosson,
652 1505 742 1592 JJt'st.
770 1503 998 1582 episcopatuum
1020 1501 1167 1579 foederati
1191 1500 1300 1581 Betpii,
1325 1503 1350 1576 l,

266 1613 298 1676 p.
321 1599 379 1673 54,
401 1599 532 1673 Ilounon,
556 1601 707 1663 Analecta
732 1599 862 1680 Bclpt'cc,
887 1599 943 1675 lll,
968 1599 1106 1679 portel,
1130 1616 1162 1679 p.
1185 1598 1263 1673 458;
1288 1599 1352 1725 Vnn

184 1759 187 1764 .
266 1695 392 1772 Gssrot,
412 1699 491 1762 Hiat.
508 1699 640 1780 archiep.
658 1697 896 1773 4444444444444444,
912 1697 937 1772 l,
956 1715 987 1778 p.
1003 1696 1056 1762 tc.

307 1845 356 1907 4.4
307 1845 516 1911 4444444444
537 1846 699 1920 Mos'clcer,
724 1845 1000 1920 aliassneettncd,
1013 1845 1045 1908 S.
1062 1845 1097 1909 T.
1120 1845 1350 1910 baccalaureus

264 1941 420 2007 formatus
432 1951 463 2008 44
479 1943 666 2024 paedagogii
681 1942 783 2007 Castri
799 1960 928 2025 regens,
941 1950 1069 2026 praeter
1084 1950 1220 2024 quatuor
1234 1944 1351 2008 bursas

264 2055 323 2120 pro
339 2039 461 2105 artistis
473 2041 513 2122 (l)
526 2042 559 2104 in
575 2042 687 2106 eodem
701 2041 897 2122 paedagogio
914 2041 1045 2105 bursam
1062 2056 1157 2106 unam
1168 2041 1201 2104 in
1213 2041 1351 2122 collegio

264 2137 486 2219 theologorum
509 2113 662 2203 fundavit.
690 2137 771 2204 Obiit
790 2139 942 2204 fundator
969 2138 1008 2202 30
1034 2139 1228 2220 septembris
1256 2139 1349 2203 ll99.

172 2236 175 2242 “
262 2233 494 2300 verosimiliter
516 2244 610 2300 natus
625 2236 795 2311 Bruxellis,
812 2253 885 2300 curn
896 2236 946 2300 ad
969 2236 1085 2300 bursas
1106 2235 1350 2318 philosophicas

263 2331 367 2413 primo
382 2334 454 2414 loco
471 2342 627 2399 vocentur
642 2335 683 2424 Br
687 2334 879 2400 uxellenses.
898 2335 999 2398 Bursa
1014 2335 1042 2398 Ι.

231 2479 353 2556 la.
374 2481 534 2545 Conrodna
556 2483 594 2544 dc
616 2481 719 2558 Scato,
737 2480 941 2545 decretorum
960 2453 1156 2552 licentiatus
1174 2482 1351 2548 canonicus

262 2585 293 2643 44
309 2585 420 2642 custos
436 2579 592 2669 ecclesiae
608 2579 801 2643 cathedralis
822 2579 925 2644 sancti
941 2578 1099 2643 Lamberti
1116 2579 1237 2655 leodii,
1256 2596 1347 2660 prac-

261 2675 386 2756 positus
402 2676 559 2741 ecclesiae
572 2685 647 2740 tunc
659 2677 847 2758 collegiatae
863 2676 966 2741 sancti
981 2676 1131 2740 Rumoldi
1147 2677 1365 2750 mechliniae..

261 2772 444 2854 ibidemque
459 2773 492 2836 in
511 2791 625 2854 magno
642 2782 755 2842 senatu
772 2775 902 2855 Belgica
918 2773 1137 2850 consiliarius
1156 2782 1348 2841 testamento

261 2888 322 2936 suo
343 2872 384 2936 de
406 2873 445 2935 49
465 2859 602 2952 januarii
625 2873 704 2936 4504
725 2874 867 2938 fundavit
887 2873 1017 2938 bursam
1041 2889 1136 2937 unam
1159 2873 1190 2937 in
1212 2875 1348 2956 collegio
1386 2927 1395 2955 ,

261 2969 496 3049 theologorum,
514 2987 595 3052 quac
611 2972 765 3035 translata
786 2971 844 3035 luit
866 2977 976 3052 postea
992 2971 1025 3034 in
1040 2971 1212 3052 collegium
1229 2973 1347 3062 mirrus,

260 3068 300 3132 45
322 3067 520 3134 florenorum
541 3070 772 3134 Rhenensium.
800 3069 878 3134 ltcm
900 3068 1029 3150 reliquit
1050 3070 1088 3132 44
1111 3069 1253 3136 tiorenos
1276 3073 1349 3136 rhe-

260 3182 379 3231 nensos
394 3183 499 3232 annue
516 3184 573 3246 pro
594 3167 789 3247 acquirendo
806 3166 887 3230 bove
902 3167 995 3230 annis
1012 3165 1168 3246 singulis;
1185 3168 1261 3233 item
1276 3169 1348 3234 sun-

259 3263 345 3328 davit
371 3264 502 3328 missam
528 3265 744 3344 quotidianam
772 3265 804 3327 in
831 3263 974 3344 collegio
994 3264 1238 3344 theologorum
1266 3284 1349 3347 quae

260 3360 376 3426 deinde
405 3362 557 3426 reductae
582 3356 712 3428 iuelunt
741 3363 780 3424 ad
811 3377 978 3425 numerum
1004 3369 1218 3442 proventuum
1244 3363 1347 3429 dictae

259 3457 466 3523 fundationis.
484 3459 614 3523 Praeter
628 3459 716 3522 varia
732 3459 782 3539 pia
797 3459 899 3539 legata
926 3458 1070 3523 fundavit
1092 3459 1345 3528 anniversarium
1389 3483 1404 3543 4

259 3555 291 3617 in
320 3555 467 3620 ecclesia·
483 3556 658 3620 cathedrali
680 3556 863 3631 leodiensi,
880 3555 913 3618 in
939 3556 1075 3620 ecclesia
1099 3555 1209 3622 beatae
1230 3558 1348 3624 Mariae

258 3651 399 3732 Virginis
425 3653 587 3728 damnaei,
614 3653 646 3716 in
674 3653 811 3732 ecclesia
838 3653 940 3718 sancti
967 3653 1117 3717 Rumoldi
1143 3654 1344 3721 Mechliniae.

258 3749 339 3814 ltem
351 3748 465 3829 legavit
477 3751 628 3830 hospitali
641 3767 756 3832 magno
768 3751 801 3814 in
813 3750 933 3830 oppido
945 3751 1136 3815 lovaniensi
1148 3751 1188 3815 30
1202 3752 1347 3819 llorenos

259 3848 450 3913 Rhenenses
473 3865 598 3914 annuos
622 3866 680 3930 pro
706 3850 833 3916 duobus
855 3848 949 3914 lectis
971 3849 1189 3929 infirmorum
1214 3852 1348 3934 insuper

258 3945 379 4012 dotavit
394 3947 506 4012 cellam
521 3949 604 4029 apud
620 3947 865 4014 carthusienses
877 3948 1021 4026 lovanii,
1036 3949 1121 4032 apud
1137 3967 1219 4032 quos
1234 3953 1343 4034 sepul·
1442 3963 1445 3970 ’

295 4141 337 4214 (1)
359 4145 476 4211 4444444,
491 4143 612 4202 44444444
626 4143 659 4202 de
669 4143 694 4200 la
708 4143 804 4202 inculte
818 4143 864 4202 des
877 4148 945 4204 4444.
