3100 4938
607 452 792 515 -tott-

152 613 297 677 habitum
321 623 353 678 et
376 621 543 706 tractatum
566 616 673 690 fuerit,
692 616 825 681 maxima
849 624 939 699 parte
961 612 1171 698 supellectilis
1193 612 1243 680 di·

153 720 255 792 repta,
273 712 371 778 domo
387 713 418 776 in
437 715 588 780 mullibus
612 715 768 796 partibus,
788 715 904 800 ablatis
928 714 1020 780 ostiis
1042 724 1074 779 et
1093 712 1245 778 fenestris

152 811 292 893 aliisque
308 811 454 892 plurimis
471 813 578 895 tignis,
594 816 783 892 eviscerata,
801 823 890 896 parte
906 813 1000 880 etiam
1015 810 1150 878 aedificii
1163 817 1244 876 tota·

152 909 229 975 liter
249 909 288 974 ad
310 909 417 992 ignem
440 919 472 976 et
491 912 596 978 focum
620 912 784 989 detracta,
798 921 864 978 tota
886 912 1079 976 bibliotheca
1095 909 1242 991 spoliata,
1359 982 1362 988 ,

152 1018 186 1075 et
199 1025 240 1075 ne
252 1009 381 1091 quidem
394 1011 516 1076 relictis
528 1011 614 1077 illius
631 1012 830 1094 elegantibus
843 1019 873 1078 et
889 1009 1088 1092 sumptuosis
1101 1009 1244 1090 pulpitis.

69 1164 80 1176 „
151 1109 242 1182 Quae
257 1107 451 1174 bibliotheca
465 1127 521 1192 per
544 1110 587 1175 ibi
611 1111 793 1192 hospitatos
809 1111 925 1175 milites
947 1110 1072 1175 cuidam
1096 1118 1247 1174 extraneo

152 1207 284 1273 vendita
307 1216 339 1273 et
354 1207 398 1290 ¹ad
422 1209 622 1276 evehendum
646 1209 1018 1291 convasatasdiligentia
1033 1208 1244 1290 quorumdam

152 1323 195 1371 ox
210 1306 262 1372 his
277 1305 480 1372 facultatibus
496 1317 633 1374 retracta
651 1317 681 1374 et
698 1317 885 1390 recuperata
901 1320 968 1385 est;
986 1307 1056 1383 sed,
1069 1307 1102 1370 in
1117 1321 1246 1370 monas-

153 1405 238 1470 terio
254 1405 551 1486 augustiniensium
567 1407 606 1473 ad
623 1408 794 1474 certiorem
816 1407 996 1492 custodiam
1012 1405 1169 1488 deposita,
1187 1421 1246 1487 pro

153 1503 291 1568 maxima
307 1512 397 1585 parte
419 1503 535 1571 iterum
550 1512 663 1588 postea
686 1506 791 1588 periit.
810 1506 862 1572 Sic
882 1514 913 1572 et
930 1504 1137 1587 usqueadeo,
1160 1503 1246 1586 quod

153 1603 277 1668 dictum
304 1602 487 1685 collegium,
513 1604 556 1670 ita
586 1606 668 1672 male
698 1613 880 1682 tractatum,
911 1622 968 1687 pro
995 1604 1130 1669 maxima
1158 1609 1247 1684 parte
1293 1597 1299 1604 '

154 1701 263 1766 adhuc
278 1701 487 1768 inhabitabile
502 1703 555 1768 sit.

196 1799 233 1863 ln
250 1799 343 1881 cuius
363 1814 394 1866 et
419 1801 564 1882 proxime
586 1802 711 1868 vicinae
726 1802 842 1869 domus
870 1800 1115 1882 reparationem,
1139 1816 1177 1864 ex
1192 1815 1248 1882 pe-

152 1899 242 1964 culio
258 1899 416 1964 dictarum
438 1899 621 1967 facultatum
640 1910 671 1966 et
694 1901 957 1984 praeerogatione
973 1897 1139 1980 pensionis
1161 1915 1245 1963 mer-

152 1999 245 2064 cedis
272 1997 376 2064 dictae
403 2000 567 2080 proximae
587 2001 714 2076 domus,
740 2001 871 2066 eaedem
893 1999 1062 2064 facultates
1085 2003 1247 2078 sumptum

152 2100 262 2163 facere
277 2106 454 2178 coeperunt
476 2106 506 2163 et
528 2099 628 2180 prima
644 2114 789 2181 quaeque
812 2097 996 2164 necessaria
1013 2097 1051 2161 ad
1067 2096 1185 2162 ostium
1213 2103 1245 2162 et

154 2199 317 2262 fenestras
346 2212 509 2278 reparare.
532 2197 581 2261 Ad
608 2197 701 2278 ouius
727 2195 853 2278 plenam
880 2195 1127 2277 reparationem,
1151 2194 1273 2261 ctiam'

154 2295 278 2360 omissa
294 2295 498 2360 restitutione
513 2295 610 2361 diruti
627 2294 776 2372 aedilicii,
798 2312 912 2378 magna
934 2295 1106 2370 admodum
1123 2308 1247 2359 summa

155 2410 242 2474 opus
260 2400 359 2458 esset.
473 2455 489 2466 ,

196 2493 232 2556 ln
249 2493 313 2558 boc
327 2491 464 2575 collegio
479 2493 520 2559 de
532 2495 693 2575 praesenti
708 2493 878 2576 gratuitam
894 2493 1122 2559 habitationem
1138 2491 1247 2567 babet,

156 2608 219 2673 qua
244 2598 336 2672 parte
358 2591 541 2656 habitabilis
566 2602 628 2669 est,
656 2593 807 2658 dominus
834 2602 865 2658 et
891 2592 1043 2674 magister
1069 2590 1251 2656 Ludoricus

102 2685 107 2694 '
156 2689 305 2766 carrion,
328 2689 412 2772 juris
427 2690 595 2772 utriusque
610 2691 735 2767 doctor,
756 2691 811 2773 qui
828 2708 888 2757 suo
904 2699 1032 2772 sumptu
1056 2691 1089 2753 in
1112 2706 1151 2755 co
1175 2688 1252 2754 vivit

159 2789 329 2871 tantisper,
343 2790 419 2856 dum
433 2791 553 2856 dictum
566 2791 738 2872 collegium
752 2791 792 2854 ad
806 2790 902 2856 alium
915 2799 1033 2855 statum
1045 2789 1251 2872 perducetur.

159 2889 258 2970 liuius
281 2887 443 2964 difficilior
464 2891 525 2956 erit
546 2898 689 2971 potestas
709 2899 841 2971 proptor
864 2905 1067 2955 communem
1084 2886 1250 2952 difficulta-

158 2997 221 3052 tem
239 2988 273 3050 in
285 2988 501 3055 solutionibus
517 2988 686 3054 redituum.
706 2988 870 3078 patientur
885 2996 991 3053 tamen
1008 2986 1175 3050 facultates
1191 2986 1249 3048 has

49 3081 56 3104 “
158 3088 278 3153 bursas
295 3085 453 3168 possideri
470 3087 576 3176 abiis,
594 3087 711 3170 quibus
726 3086 946 3160 conferentur,
966 3095 1032 3150 non
1053 3100 1114 3148 suo
1129 3091 1249 3157 tamen,

158 3185 216 3250 sed
240 3183 398 3266 cujusque
420 3185 558 3250 bursarii
585 3201 684 3250 onere
707 3171 922 3266 persequendi
948 3181 1143 3248 solutionem
1167 3179 1275 3246 redi-⁴

157 3294 249 3348 tuum
266 3280 422 3363 cujusque
438 3299 516 3348 suae
531 3283 660 3358 bursae,
679 3291 710 3348 et
725 3281 853 3346 vivendi
871 3281 903 3344 iu
927 3280 1004 3346 dicti
1019 3278 1146 3361 collegii
1163 3285 1253 3360 parte

158 3379 326 3447 habitabili
349 3381 477 3462 propria
499 3397 557 3447 sna
579 3381 701 3464 quadra
724 3381 857 3456 tamdiu,
885 3380 990 3446 donec
1016 3378 1186 3460 collegium
1213 3378 1251 3440 ad

127 3553 138 3566 ,
159 3479 334 3562 pristinum
356 3487 475 3544 statum
490 3479 636 3562 perduci,
652 3480 715 3564 hoc
737 3488 798 3556 est,
816 3478 997 3545 communis
1019 3477 1137 3542 familia
1163 3491 1252 3541 com-

160 3577 338 3659 munisque
367 3578 483 3656 culina,
501 3578 562 3644 sub
579 3577 735 3660 regimine
761 3577 976 3659 praesidentis
998 3593 1056 3642 seu
1081 3571 1252 3657 praesidis,

158 3675 290 3744 restitui
308 3682 339 3741 et
359 3675 551 3766 interteneri
563 3675 698 3758 poterit;
716 3673 808 3756 cuius
827 3675 937 3740 minor
945 3682 995 3740 est
1010 3691 1100 3756 spes,
1117 3672 1253 3737 durante

158 3790 272 3842 rerum
285 3773 427 3838 omniurn
440 3774 584 3841 caritate.
613 3849 615 3854 ,

200 3871 357 3954 Optarent
379 3889 506 3954 quoque
526 3872 629 3937 dictae
652 3870 820 3938 facultates
836 3888 873 3937 se
896 3870 1035 3953 aliquem
1054 3887 1152 3952 posse
1168 3869 1259 3935 inre--

159 3971 242 4043 nire,
261 3969 315 4051 qul
332 3970 363 4032 in
379 3969 466 4038 dicto
481 3971 620 4052 collegio
642 3969 794 4034 familiam
818 3969 889 4054 ipse
911 3969 1070 4046 instituat,
1092 3967 1257 4034 convicto·
1359 3985 1363 3990 ’

159 4085 283 4151 resque
298 4067 331 4132 in
353 4084 393 4134 eo
415 4068 491 4143 alat,
513 4069 565 4134 cui
587 4066 726 4134 bursarii
749 4067 964 4150 adiungantur
987 4083 1060 4134 cum
1085 4065 1256 4132 contruodo

159 4184 244 4235 suae
258 4167 387 4243 bursae,
405 4166 542 4232 additnri
559 4167 645 4249 qaod
658 4167 696 4231 ad
710 4165 815 4248 iustas
830 4184 987 4250 expensas
1005 4165 1255 4234 desiderabitur.
