3014 4946
631 443 816 507 -385-

176 610 414 678 verosimiliter
444 618 516 690 post
549 625 680 674 cursum
717 609 940 690 philosophiae
969 607 1163 684 absolutum,
1198 607 1269 688 juri

178 709 314 784 studuit,
332 718 363 774 et
377 708 417 770 bd
436 707 518 789 jonii
535 707 614 771 tcta
626 707 709 789 iuris
726 707 893 788 utriusque
909 707 1150 781 baccalaureus,
1168 705 1186 768 3
1203 723 1261 770 no·

177 808 321 874 vembris
334 807 479 888 eiusdem
491 806 565 872 anni
578 806 760 871 nominatur
775 817 964 886 procurator
978 805 1217 882 Universitatis,
1231 813 1263 871 et

177 907 263 972 circa
278 906 363 971 idem
379 914 506 986 tempus
523 905 716 971 secretarius
740 905 964 970 Universitatis
980 905 1085 969 factus
1101 913 1162 969 est.
1178 903 1261 969 Aca-

178 1005 304 1071 demiae
320 1004 439 1086 quippe
453 1003 644 1082 lovaniensi
660 1003 806 1085 plurimis
822 1004 914 1070 annis
930 1004 968 1068 ab
986 1005 1065 1069 actis
1081 1011 1112 1068 et
1127 1003 1264 1068 secretis

179 1104 247 1182 (fuit
263 1102 458 1168 secretarius
472 1119 573 1184 nsque
596 1102 635 1166 ad
651 1119 770 1167 annum
787 1103 889 1182 1367),
907 1103 1010 1169 eidem
1033 1102 1150 1168 seriani
1166 1101 1263 1167 sedu-

178 1204 307 1283 lamque
334 1219 464 1283 operam
494 1201 659 1282 impendit.
690 1201 745 1265 Vir
771 1202 829 1266 luit
856 1202 888 1264 in
911 1201 1164 1283 jurisprudentia
1190 1217 1263 1264 oum

178 1301 324 1366 theorica
339 1308 406 1365 tum
422 1300 562 1380 practica
584 1300 754 1381 plurimum
776 1309 937 1377 versatus,
955 1310 989 1366 ut
1012 1312 1042 1366 et
1058 1301 1150 1374 liber,
1169 1317 1263 1380 quern

179 1401 360 1463 Processum
368 1401 569 1480 judiciarium
584 1399 761 1480 inscripsit,
778 1417 796 1462 a
820 1409 921 1464 morte
937 1399 1114 1481 evulgatus
1130 1398 1263 1462 demon-

177 1505 279 1573 strat;
296 1497 474 1563 industriae
489 1498 529 1561 ad
544 1498 624 1562 haec
639 1498 813 1578 singularis
829 1507 861 1562 et
883 1499 980 1563 studii
997 1497 1163 1562 indefessi.
1181 1496 1265 1560 Obiit

175 1613 262 1660 anno
278 1596 370 1672 lect,
388 1597 419 1660 iv
433 1595 589 1662 kalendas
605 1597 691 1678 maji,
709 1597 914 1662 facultatibus
931 1597 1092 1671 omnibus,
1110 1613 1190 1677 quas
1202 1594 1265 1658 sibi

178 1696 377 1776 parcimonia
394 1713 452 1760 sua
468 1696 672 1777 potissimum
688 1697 919 1778 conquisierat,
933 1696 965 1759 in
978 1695 1174 1761 erectionem
1190 1693 1264 1757 novi

178 1794 309 1875 collegii
322 1794 502 1859 destinatis.
521 1817 538 1853 «
552 1792 780 1870 considerans,
798 1795 912 1876 inquit,
930 1797 1015 1876 quod
1029 1812 1086 1876 per
1101 1795 1265 1858 literarum
1338 1803 1342 1812 ·

179 1892 288 1960 studia
303 1893 403 1956 divini
419 1893 558 1957 nominis
575 1901 606 1957 et
625 1892 699 1958 fidei
722 1893 899 1959 catholicae
922 1894 1028 1958 cultus
1051 1891 1263 1974 protenditur,

178 2000 212 2057 et
228 1991 333 2056 omnis
349 1992 507 2056 humanae
523 1991 720 2057 conditionis
736 1995 933 2074 prosperitas
958 2001 1103 2074 augetur,
1122 1993 1175 2066 do,
1192 1991 1265 2071 lego
1350 2045 1354 2054 .

178 2090 293 2156 decern
324 2089 518 2171 pauperibus
547 2089 722 2164 studiosis,
754 2101 829 2166 etc,
861 2092 990 2157 domum
1021 2107 1141 2165 meam,
1171 2105 1265 2169 quarn

179 2189 313 2254 Lovanii
342 2189 496 2260 inhabito,
527 2205 584 2269 pro
615 2188 760 2268 ipsorum
786 2190 1035 2266 inhabitatione;
1065 2200 1096 2254 et
1122 2206 1180 2270 pro
1207 2187 1266 2250 ali-

166 2287 291 2356 monia
326 2286 397 2367 lego
434 2285 599 2350 residuunt
634 2287 776 2351 omnium
812 2299 842 2354 et
879 2289 1079 2370 singulorum
1108 2287 1266 2354 bonorum

180 2401 349 2461 meorum,
381 2385 512 2450 eosdem
546 2401 702 2466 pauperes
732 2387 898 2452 studiosos
928 2387 960 2450 in
993 2387 1106 2451 eodem
1136 2383 1267 2448 residuo

181 2484 340 2549 haeredes
366 2500 457 2548 meos
485 2483 695 2559 instituendo,
720 2494 781 2550 etc.
797 2509 814 2545 »
841 2487 944 2552 Verba
970 2495 1044 2550 sunt
1070 2484 1265 2557 testamenti,

182 2583 276 2664 cuius
289 2581 520 2662 suprascriptio
533 2590 582 2646 est
594 2582 633 2646 de
646 2582 697 2648 die
710 2583 728 2646 8
740 2585 884 2649 octobris
896 2585 986 2659 latta,
1001 2601 1110 2649 coram
1122 2583 1267 2648 lohanne

181 2681 318 2757 Wamel,
336 2679 472 2760 notario,
491 2689 566 2755 etc,
580 2681 691 2761 scripti
709 2692 739 2747 et
756 2683 931 2765 subscripti
947 2699 1042 2747 manu
1059 2682 1186 2763 propria
1203 2689 1267 2745 tes-

180 2781 296 2847 tatoris
310 2780 442 2844 Joannis
459 2779 541 2865 Pels
559 2780 712 2861 Apertum
735 2782 793 2846 fuit
815 2799 924 2847 coram
940 2793 1067 2848 rectore
1084 2780 1265 2862 magnifico,

182 2880 315 2945 Nicolao
331 2880 370 2943 de
386 2878 488 2944 Leuze
500 2894 517 2941 a
529 2878 686 2956 Fraxinis,
701 2879 740 2944 ltt
751 2882 894 2946 octobris
907 2881 998 2945 1589.
1011 2881 1145 2944 Adsnmi
1160 2887 1265 2944 autern

180 2979 220 3044 ad
250 2977 421 3058 collegium
450 2977 512 3042 hoc
541 2977 642 3042 voluit
671 2979 703 3041 in
733 2980 845 3060 primis
875 2980 1134 3061 consanguineos
1165 2995 1262 3052 suos,

181 3087 287 3159 atque,
305 3077 356 3140 his
372 3075 595 3140 deficientibus
617 3077 667 3141 vel
683 3077 791 3152 debito
807 3086 952 3160 tempore
971 3096 1034 3144 non
1051 3076 1265 3158 comparenti-

180 3178 254 3252 bus
278 3175 435 3239 oriundos
457 3192 495 3238 ex
521 3175 639 3255 oppido
666 3176 935 3243 Rechlinchusiae
962 3187 1015 3242 aut
1030 3177 1112 3242 locis
1128 3177 1265 3240 circum-

180 3274 309 3349 vicinis,
328 3274 421 3338 tertio
437 3273 509 3337 loco
526 3275 755 3350 lovanienses,
773 3277 918 3357 interque
933 3294 989 3340 eos
1006 3274 1265 3356 consanguineos

182 3373 293 3439 uxoris
310 3372 474 3452 praeferri.
493 3371 610 3436 Omnes
625 3390 702 3437 vero
717 3375 858 3455 legitimo
876 3384 946 3440 toro
964 3384 1056 3438 natos
1080 3391 1153 3438 esse
1169 3390 1265 3452 opor-

181 3483 238 3547 tet,
257 3471 375 3552 quique
390 3471 531 3535 inbonis
551 3473 619 3536 sive
641 3473 809 3548 reditibus,
827 3485 890 3538 tarn
914 3473 1144 3539 ecclesiasticis
1169 3489 1264 3552 quarn

182 3570 414 3644 saecularibus,
434 3568 514 3633 ultra
531 3571 695 3651 sexaginta
710 3571 851 3637 llorenos
875 3590 1064 3638 communes
1080 3589 1144 3636 non
1161 3571 1266 3651 perci-

182 3671 280 3749 piant.
296 3668 373 3762 Post
388 3669 550 3732 licentiam
567 3669 600 3730 in
615 3671 738 3734 artibus
753 3673 830 3736 dare
845 3689 975 3752 operam
992 3671 1150 3752 superiori
1166 3670 1265 3751 farul-

182 3769 252 3843 tati,
269 3783 364 3847 quani
380 3767 546 3847 elegerint,
562 3768 613 3832 vel
636 3786 747 3833 sacrae
763 3770 942 3851 theologiae
964 3772 1014 3835 vel
1033 3771 1198 3849 utriusque
1215 3768 1265 3832 vel

182 3865 424 3945 alteriusjuris,
443 3875 596 3945 possunt;
615 3867 657 3930 ita
675 3879 790 3943 tamen,
812 3877 845 3932 ut
867 3869 1003 3933 studiosi
1025 3869 1108 3949 juris
1132 3883 1264 3931 nurnero

184 3973 249 4028 non
274 3963 429 4028 excedant
455 3964 620 4029 studiosos
646 3983 757 4032 sacrae
783 3967 973 4048 theologiae,
1002 3968 1050 4032 vel
1076 3978 1206 4043 contra;
1235 3973 1266 4029 et

180 4062 296 4128 exinde
312 4061 374 4125 lrui
389 4061 614 4126 emolumentis
629 4063 745 4129 bursae
761 4065 979 4146 quinquennio
995 4065 1118 4147 integro
1136 4063 1266 4146 permit·

180 4161 270 4226 titur.
281 4159 470 4224 Provisores
483 4161 657 4226 nominavit
669 4163 762 4239 duos,
778 4174 945 4245 utrumque
958 4163 1142 4246 primarium
1155 4180 1266 4228 sacrae
