3058 4952
614 401 797 464 -tttn-

298 645 328 708 3.
352 644 543 708 Fottdntious
565 645 734 708 donintona
756 645 797 707 du
821 643 932 723 oolldpe
954 643 991 705 de
1012 644 1113 706 Mons.

204 845 222 882 u
236 823 314 888 Sunt
329 823 381 888 hio
396 822 602 888 fundationes
621 847 627 886 :

205 978 222 1012 »
236 957 264 1018 l.
282 956 410 1020 Arnoldl
425 953 598 1030 Melonisiu,
617 955 756 1034 pastoris
778 954 810 1016 in
827 953 1016 1035 Opprebais‚
1035 951 1087 1034 qui
1104 949 1247 1028 fundavit

158 1054 278 1118 bursas
294 1071 362 1129 sex,
376 1054 550 1135 quamlibet
565 1054 604 1117 80
619 1053 827 1129 florenorum,
845 1051 966 1116 dandas
980 1049 1243 1133 consanguineis,

160 1169 339 1234 eorumque
366 1153 491 1218 deleotu
519 1169 612 1216 unam
639 1153 810 1227 llontensi,
838 1152 917 1216 alias
943 1151 1083 1232 quinque
1108 1148 1192 1212 natis
1213 1149 1246 1212 in

159 1251 255 1332 pagis
271 1251 392 1332 aliquot
407 1251 541 1327 vieinis;
558 1258 724 1332 praeterea
740 1251 820 1314 duas
847 1250 1041 1315 florenorum
1065 1247 1103 1310 60
1119 1247 1246 1311 adoles·

159 1350 311 1414 centibus
326 1350 483 1414 studiosis
499 1350 633 1430 quadam
656 1349 865 1429 proportione
887 1347 1112 1421 conferendas,
1137 1345 1191 1426 qui
1214 1356 1246 1410 et

159 1450 303 1532 gaudere
328 1449 455 1530 possint
482 1465 542 1512 uua
570 1465 586 1514 e
610 1465 666 1512 sex
691 1448 865 1529 prioribus.
883 1447 967 1511 Obiit
987 1452 1078 1511 sexto
1093 1443 1246 1510 kalendas

161 1547 349 1612 novembris
365 1547 456 1612 1635.

207 1695 267 1758 ud.
284 1697 414 1761 leoninis
436 1696 599 1777 Suuuatpe,
617 1695 743 1777 collegii
764 1712 907 1776 praeses,
925 1693 1173 1760 testamentode
1194 1691 1246 1755 die

162 1793 200 1857 31
229 1793 334 1858 martii
360 1795 440 1858 tntu
467 1795 595 1859 condito
625 1795 743 1860 creavit
773 1796 888 1859 bursas
917 1802 1054 1876 quatuor
1079 1793 1190 1873 plenas
1216 1799 1247 1855 et

164 1893 421 1973 supplementum
444 1893 483 1956 80
505 1893 700 1958 florenorum
722 1893 880 1957 burseriis
903 1891 1097 1958 fundationis
1112 1889 1246 1954 Arnoldi

162 1990 351 2067 dlalvoisin,
384 1991 410 2053 si
441 1993 626 2056 Montenses
655 1993 789 2066 suerint,
821 1991 1026 2067 addendum;
1057 1990 1133 2054 item
1161 1987 1246 2052 aliud

162 2090 422 2172 supplementum
445 2090 484 2153 60
506 2090 702 2155 florenorum
724 2091 894 2166 montensi,
913 2091 966 2171 qui
983 2091 1119 2172 gaudeat
1134 2087 1246 2152 lunda-

161 2189 253 2253 tione
268 2188 349 2268 ejns,
367 2189 419 2270 qui
436 2189 592 2271 sequitur,
609 2190 766 2256 Guilielmi
782 2191 824 2255 Le
840 2189 964 2272 Cleroq.

205 2336 268 2399 »3.
288 2337 444 2402 Guilielmi
458 2340 502 2402 Le
518 2339 636 2419 Oleum,
649 2338 788 2418 pastoris
804 2339 837 2401 in
854 2337 1248 2416 Monstreuil-surllayne,

161 2436 217 2519 qui
239 2436 383 2500 fundavit
398 2437 512 2501 bursas
528 2437 610 2502 duas
625 2438 664 2501 ad
680 2453 760 2518 quas
782 2438 841 2500 tta
864 2437 1006 2502 llorenos
1028 2451 1152 2500 annuos
1172 2433 1247 2498 reli·
1344 2509 1347 2517 ¹

161 2541 287 2615 querat,
306 2541 378 2614 post
394 2533 432 2597 ad
450 2551 544 2598 unam
561 2535 600 2596 ta
620 2534 815 2600 florenorum
838 2551 910 2600 oum
933 2534 1065 2599 dimidio
1087 2533 1244 2606 redactas,

160 2641 197 2697 ut
211 2633 352 2698 loannes
368 2631 522 2713 Sauvaige
538 2631 606 2697 fieri
623 2633 778 2711 cupierat.
797 2633 924 2696 Confert
939 2632 1145 2713 magistratus
1160 2632 1246 2694 llon-

159 2732 277 2796 tensis.
292 2731 352 2794 Sed
369 2747 481 2796 omnes
498 2733 557 2796 hae
571 2732 689 2796 bursae
701 2733 744 2796 ita
759 2733 854 2797 bodie
868 2733 1020 2796 reductae
1037 2739 1122 2804 sunt,
1141 2739 1174 2794 ut
1190 2746 1246 2794 sex

160 2831 402 2912 aequivalenter
417 2847 537 2911 eaeque
553 2832 664 2912 plenae
679 2832 895 2896 conferantur.
910 2853 927 2892 >³
944 2831 990 2894 lta
1005 2831 1133 2900 Pnnunr.

205 3001 222 3036 «
237 2978 394 3042 Amoldus
418 2979 593 3054 llluluot'sin,
618 2979 703 3043 lilius
730 2979 868 3060 Philippi
894 2985 925 3045 et
946 2979 1087 3043 loannae
1110 2975 1243 3051 Gerard,

160 3079 288 3144 sororis
304 3077 473 3154 Gobrielis,
491 3079 651 3158 quondam
667 3086 777 3159 pastor
792 3080 825 3141 in
840 3078 1026 3161 Opprebais,
1042 3076 1166 3142 obiitin
1183 3076 1245 3140 hoo

160 3177 300 3258 collegio
315 3176 472 3240 lluntensi
489 3176 528 3240 ta
544 3177 735 3256 septembris
748 3177 814 3256 (sio)
831 3177 920 3241 1635.
936 3177 1007 3240 Fuit
1018 3175 1088 3257 eius
1101 3174 1243 3239 fundatio
1328 3253 1331 3260 Δ

159 3279 367 3358 incorporata
383 3278 521 3359 collegio
537 3278 555 3340 l
572 3279 677 3342 martii
694 3279 773 3342 1637
789 3283 906 3357 (eoram
922 3279 1134 3355 Berekmans).

203 3401 220 3436 »
236 3377 370 3454 Ioanne,
399 3394 494 3442 soror
519 3377 709 3455 fundatoris,
728 3378 836 3458 nupsit
863 3377 976 3443 loanni
1002 3375 1101 3440 llarin
1127 3378 1243 3452 (eoram

160 3477 357 3542 Berekmans
373 3477 391 3540 2
408 3477 512 3540 martii
529 3476 631 3556 1637).

202 3598 221 3635 u
237 3575 396 3640 Antonius
411 3576 557 3651 lordum,
576 3575 675 3640 irater
692 3575 839 3640 uterinus
855 3575 1045 3640 fundatoris.

204 3697 222 3733 n
238 3673 398 3738 Antonius
413 3674 591 3746 llalvnisin,
609 3681 720 3752 pastor
735 3673 923 3753 Opprebasii
950 3682 980 3738 et
997 3673 1118 3753 primus
1134 3670 1246 3735 lunda-
1269 3683 1272 3690 ·

160 3771 261 3835 tinnis
277 3779 441 3850 patronus.

159 3967 225 4006 eone
248 3949 325 4015 12283
350 3953 364 4004 5
389 3950 478 4005 martii
502 3949 570 4007 1791
599 3967 687 4006 sacrae
708 3949 859 4020 theologiae
882 3949 1043 4016 licentiatus,
1069 3948 1156 4006 laotos
1179 3967 1247 4005 anno

161 4039 246 4105 1792,
272 4057 361 4096 mense
381 4040 514 4111 januario,
531 4031 634 4113 collegii
658 4041 737 4113 hujus
760 4058 874 4112 praeses,
897 4059 912 4095 a
934 4041 1089 4110 magistratu
1112 4040 1247 4096 Montensi

162 4129 329 4202 provisoratu
344 4129 422 4202 hujus
436 4129 541 4202 collegii
556 4130 689 4203 gaudente
702 4131 876 4188 constitutus.
888 4130 963 4187 Obiit
975 4130 1069 4187 Leodii
1083 4133 1110 4186 in
1124 4131 1247 4203 parochia

162 4223 248 4277 naneti
263 4220 401 4278 Nicolai.·
421 4219 464 4277 Ila
480 4221 549 4277 Bux.
