3014 4946
757 212 769 273 l

689 429 874 493 -3ta-

240 591 326 674 glum
341 593 379 657 ad
396 592 561 658 formalem
577 599 694 658 statum
718 594 905 674 perductum
922 592 1027 658 fuerit.
1046 597 1104 658 Pro
1123 609 1185 659 uno
1201 609 1239 658 ex
1254 592 1329 658 suis

238 689 350 772 primis
363 691 563 770 bursariisd)
578 692 764 772 magistrum
777 691 958 773 Philippum
970 691 1325 766 Bruxellensemsnum

239 789 403 865 famulum,
420 791 473 872 qni
489 791 641 872 gaudebit
656 791 767 857 eadem
782 792 879 856 bursa
895 801 1033 872 quatuor
1047 791 1153 856 annis.

280 888 435 954 Patronos
451 899 556 954 autem
572 907 630 955 seu
654 899 913 971 praesentatores
928 890 1087 956 dictorum
1103 890 1325 955 bursariorum

238 987 306 1050 vult
328 1003 403 1051 esse
424 989 625 1054 venerabiles
641 989 792 1054 dominos
808 988 972 1053 dominum
995 988 1153 1054 decanum
1169 989 1327 1053 ecclesiae

239 1085 433 1150 cathedralis
450 1087 552 1151 sancti
566 1087 698 1152 loannis
714 1087 937 1168 Evangelistae
953 1087 1090 1152 civitatis
1105 1087 1327 1151 Buscoducen-

239 1170 297 1261 sis,
314 1185 501 1266 magistrum
517 1203 647 1252 mensae
663 1187 766 1251 sancti
782 1187 919 1268 Spiritus
942 1203 1000 1251 seu
1023 1186 1129 1267 magni
1144 1183 1325 1262 hospitalis,

239 1292 272 1348 ct
285 1285 465 1364 praesidem
481 1285 609 1350 concilii
625 1303 684 1368 pro
711 1294 856 1366 tempore
877 1285 981 1350 dictae
997 1285 1135 1350 civitatis
1158 1283 1326 1348 Buscodu-

239 1383 359 1461 censis‚
376 1385 491 1450 obnixe
506 1401 604 1450 orans
618 1385 762 1460 eosdem,
780 1393 814 1450 ut
830 1399 888 1466 pro
911 1401 969 1450 sua
985 1384 1180 1449 discretione
1195 1397 1326 1463 semper

241 1481 381 1563 deligant
396 1492 427 1548 et
442 1490 609 1548 assumant
623 1485 662 1548 ad
678 1484 735 1546 bas
751 1483 867 1548 bursas
883 1499 952 1560 eos,
969 1483 1010 1546 de
1032 1481 1148 1563 quibus
1172 1481 1231 1546 erit
1248 1496 1327 1560 spes

239 1583 450 1664 promovendi
466 1592 663 1663 praetactum
685 1583 825 1670 studium
842 1581 1003 1646 facultatis
1018 1580 1207 1648 medicinae.
1224 1579 1327 1645 iidem

240 1680 362 1744 domini
383 1682 520 1763 patroni,
538 1682 566 1745 si
589 1681 804 1746 intellexerint
828 1682 861 1744 in
885 1681 971 1746 dicto
995 1680 1114 1762 oppido
1136 1679 1326 1744 lovaniensi

241 1778 359 1844 dictam
381 1797 471 1845 suam
494 1780 710 1846 fundationem
727 1781 845 1860 perire,
862 1781 912 1846 vel
935 1797 992 1860 per
1014 1778 1235 1844 accessionem
1250 1777 1328 1842 alia-

241 1893 313 1942 rum
334 1878 503 1944 bursarum
527 1879 660 1945 alterius
676 1879 855 1945 fundatoris
871 1879 992 1944 assumi
1014 1894 1142 1952 nomen,
1159 1875 1326 1946 vel'colle-

241 1976 328 2056 glum
356 1979 532 2043 medicinae
560 1978 706 2054 inscribi,
733 1979 812 2054 vult,
840 1978 951 2044 statuit
979 1989 1010 2042 et
1039 1978 1167 2043 ordinet
1195 1975 1327 2040 eosdem

241 2084 395 2154 patronos
410 2078 528 2143 babere
541 2078 717 2160 plenariam
741 2085 772 2143 et
796 2078 1012 2142 omnimodam
1035 2084 1227 2156 potestatem
1242 2091 1325 2140 eam-

242 2174 315 2239 dem
337 2174 554 2242 fundationem
576 2193 615 2241 ex
637 2177 777 2243 Lovanic
799 2177 839 2241 ad
861 2176 1023 2242 civitatem
1045 2174 1327 2240 Buscoducensem

243 2275 458 2340 transferendi
473 2277 506 2340 in
522 2276 689 2342 utilitatem
713 2283 744 2341 et
765 2275 970 2341 commodum
986 2288 1119 2339 suorum
1135 2271 1328 2354 consangui-

242 2388 376 2438 neorum
399 2383 432 2440 et
455 2383 676 2457 cognatorum.
693 2375 732 2440 lit
754 2393 843 2453 casu,
861 2391 925 2457 quo
949 2372 1133 2456 huiusmodi
1157 2371 1326 2438 translatio

243 2472 308 2548 liat,
325 2473 393 2538 vult
407 2477 552 2540 eamdem
568 2475 721 2540 collocari
743 2475 776 2538 in
798 2476 1022 2540 adolescentes
1038 2472 1204 2538 studiosos
1219 2469 1328 2551 cuius-

242 2587 379 2653 cumque
394 2573 554 2639 facultatis
577 2581 631 2639 aut
646 2574 774 2639 bonesti
797 2573 924 2638 artificii
945 2581 977 2638 et
1001 2571 1144 2638 exercitii
1155 2569 1245 2651 juxta
1259 2567 1328 2633 dis-

242 2671 418 2736 cretionem
449 2689 580 2737 suorum
608 2680 816 2753 patronorum
841 2680 873 2737 et
898 2677 1186 2752 praesentatorem.
1217 2665 1328 2741 Etsi
1356 2729 1362 2744 ,

220 2759 472 2851 ¹consanguinei
501 2771 552 2836 vel
582 2771 709 2852 cognati
735 2762 943 2848 defecerint,
974 2776 1180 2835 assumantur
1208 2765 1328 2831 civium

241 2867 539 2934 Buscoducensium
555 2883 715 2950 pauperes
730 2868 798 2944 filii,
813 2870 895 2935 bene
908 2867 1091 2950 morigerati
1107 2875 1139 2932 et
1154 2864 1329 2948 qualificati

242 2973 276 3030 ut
297 2982 406 3046 supra.
424 2967 612 3032 Provisores
627 2984 704 3032 vero
721 2968 816 3048 cupit
828 2984 902 3032 esse
917 2966 1118 3033 venerabiles
1132 2974 1164 3032 et
1178 2963 1330 3046 egregios

241 3064 390 3130 dominos
415 3066 571 3131 decanum
598 3065 755 3132 ecclesiae
782 3067 969 3148 collegiatae
995 3065 1098 3130 sancti
1124 3063 1207 3130 Petri
1233 3064 1330 3128 lova-

241 3164 382 3240 niensis,
413 3181 539 3230 necnon
568 3163 748 3246 praesidem
782 3165 910 3247 collegii
939 3164 1037 3229 trium
1065 3163 1264 3244 linguarum,
1296 3169 1331 3226 et

241 3262 398 3328 decanum
410 3263 569 3329 facultatis
585 3263 763 3329 medicinae
776 3281 834 3345 pro
847 3272 993 3344 tempore
1005 3262 1193 3334 existentes,
1211 3258 1331 3326 obnixe

241 3377 359 3442 rogans
374 3362 518 3439 eosdem,
536 3371 569 3428 ut
582 3379 666 3427 onus
688 3363 873 3444 hujusmodi
890 3361 1087 3443 provisionis
1110 3360 1145 3424 in
1167 3377 1203 3424 se
1225 3357 1331 3424 susci-

242 3475 319 3540 pere
333 3459 516 3541 dignentur.

282 3557 332 3634 Et,
351 3567 385 3623 ut
406 3558 590 3640 hujusmodi
605 3575 699 3624 suum
721 3565 947 3625 testamentum
969 3573 1069 3623 suave
1090 3555 1201 3622 ultima
1223 3563 1255 3621 et
1278 3571 1333 3620 ex-

243 3666 344 3722 trema
358 3658 507 3723 voluntas
523 3674 602 3723 suos
618 3657 700 3724 lines
715 3667 747 3724 et
765 3657 900 3724 effectus
922 3657 1032 3723 sortiri
1047 3657 1152 3722 valeat
1166 3654 1331 3737 capessit,

244 3756 333 3837 eligit
357 3765 389 3822 et
415 3757 558 3822 nominat
582 3756 726 3838 ejusdem
752 3757 803 3822 sui
829 3755 1011 3825 testamenti
1037 3761 1226 3820 executores
1250 3769 1334 3818 suos

243 3855 911 3938 bonosetpraecipuosamicostdominum
924 3855 1110 3936 magistrum
1119 3853 1332 3928 Wamesium‚

245 3953 285 4018 U.
306 3954 334 4016 J.
358 3955 535 4031 doctorem,
559 3955 592 4019 in
614 3955 693 4037 jure¹
708 3955 863 4021 canonico
890 3953 1075 4037 primarium
1099 3952 1334 4034 professorem,

243 4182 248 4194 ·
283 4167 323 4241 (l)
344 4167 470 4242 supplica
485 4192 492 4226 ι
508 4170 636 4243 desipiat.
