3036 4946
619 441 804 506 -135-

168 625 234 688 oue
252 617 317 673 tam
339 607 554 688 praesrdentis
577 623 670 689 quam
692 606 870 688 recepturis
896 613 1045 688 tanquam
1070 615 1257 690 assumptus

77 896 81 903 Ι
167 708 410 890 ευῖἓὲεῗῖιὲιηάα
426 811 553 887 rapport
567 823 621 868 sur
636 799 716 869 l'ttor
732 805 783 868 dos
797 805 923 885 oollbpes
946 804 983 867 tic
1006 803 1199 870 l'Uur'rersild
1221 806 1259 870 de

166 908 312 972 Louoor'n
327 925 366 970 en
382 905 485 984 1589).

211 1136 326 1200 Portae
340 1134 437 1215 hujus
453 1131 579 1214 collegii
604 1141 767 1198 extructae
792 1150 875 1199 anno
899 1135 979 1198 1650
1002 1135 1152 1216 imposita
1167 1136 1257 1202 fuere

163 1234 307 1316 insignia
337 1232 516 1297 fundatoris
546 1232 791 1312 consequenti
816 1233 1027 1314 inscriptione
1059 1243 1090 1299 et
1116 1235 1255 1301 chrono-

162 1334 291 1413 grapho
311 1333 456 1397 Romano
475 1349 482 1395 :
506 1331 610 1394 111111
627 1331 690 1394 Deo
713 1331 774 1394 Con
789 1350 823 1394 ur
839 1332 939 1394 Linon
962 1333 1001 1396 ab
1018 1340 1150 1414 utraque
1166 1343 1256 1414 parte

161 1431 251 1496 tituli
267 1431 407 1512 collegii,
425 1439 458 1494 ut
474 1430 526 1494 hio
541 1429 623 1493 inira
642 1447 650 1493 ε

227 1658 236 1874 Ι
507 1779 674 1843 Goeuuorvu
691 1780 855 1843 Snonvonn

272 1897 308 1942 no
325 1897 455 1942 nuvsrn.
475 1879 511 1941 1).
527 1878 692 1941 Evsraonro
706 1879 851 1954 Cunnurs,
868 1880 1084 1944 nnnssnconsr

13 1991 206 2057 paponflo
290 1977 1071 2044 1111).(11111111111111.11111111111111111
1159 1991 1407 2058 Commius,

322 2079 354 2142 S.
371 2080 482 2140 huoeu
499 2096 528 2141 m·
543 2076 654 2140 Sicula
669 2095 778 2140 nouare
794 2096 861 2141 ono.
880 2080 912 2142 S.
931 2079 1043 2142 annu

226 2173 235 2393 ι
371 2177 526 2239 Fvnonrvn
544 2176 651 2250 llhltl,
670 2176 851 2240 Renovnrun
867 2175 985 2240 MDCL.

455 2596 618 2658 Praesides
641 2594 761 2675 collept't'
783 2595 963 2660 sabaudici.

205 2779 231 2840 Ι.
255 2776 379 2839 Tronis
395 2774 540 2848 Goznrus,
553 2773 649 2853 vulgo
663 2774 770 2850 doceo,
787 2769 1061 2850 Bellornont'anus,
1075 2775 1251 2840 11111518

158 2878 249 2940 inter
275 2873 391 2937 artium
419 2871 590 2953 magistros
606 2871 719 2934 tertius
735 2881 914 2951 promotus,
939 2889 1013 2936 mox
1029 2889 1046 2934 a
1063 2883 1165 2936 morte
1181 2873 1253 2936 lun-

158 2974 288 3040 datoris
304 2971 467 3036 Eustachii
495 2970 652 3051 Chapuys‚
678 2986 759 3050 quae
774 2969 886 3034 incidit
908 2970 940 3033 in
964 2971 1049 3035 diem
1064 2971 1101 3033 al
1116 2970 1254 3052 januarii

162 3073 258 3148 1556,
287 3070 481 3136 constitutus
507 3077 556 3133 est
583 3068 706 3149 primus
728 3068 855 3148 collegii
885 3068 980 3149 hujus
1007 3085 1151 3149 praeses.
1179 3070 1254 3133 Erat

158 3186 242 3240 tuno
268 3185 380 3236 sacrae
405 3167 586 3249 theologiae
609 3168 837 3232 baccalaureus
860 3177 892 3232 et
915 3169 1042 3250 collegii
1067 3169 1198 3232 Adriani
1214 3169 1252 3232 Vl

158 3274 326 3344 alumnus,
354 3268 551 3348 gradumque
578 3265 725 3330 licentiae
749 3265 824 3330 dein
845 3266 877 3327 in
899 3283 990 3330 sacra
1014 3267 1175 3348 theologia
1196 3267 1252 3332 ob-

160 3369 271 3444 tinuit,
286 3377 317 3432 et
333 3367 371 3429 la
384 3364 568 3430 novembris
581 3363 661 3428 1560
678 3380 788 3428 sacrae
807 3364 985 3446 theologiae
999 3366 1111 3430 doctor
1124 3374 1251 3430 creatus

160 3479 227 3535 est.
245 3467 324 3530 Vide
340 3481 451 3530 sacrae
467 3462 647 3544 theologiae
663 3463 826 3527 doctores.

206 3568 319 3631 Vivere
334 3563 430 3629 desiit
454 3563 473 3626 8
500 3562 604 3625 martii
631 3561 723 3635 lert,
741 3561 774 3623 in
797 3561 921 3626 abbatia
947 3562 1111 3637 porcensi,
1130 3562 1182 3627 ubi
1198 3563 1250 3627 die

159 3668 183 3730 6
199 3664 304 3730 martii
320 3653 468 3726 assidens
496 3676 626 3724 mensae
652 3669 757 3724 tactus
773 3659 876 3725 luerat
901 3661 1078 3741 apoplexia.
1097 3659 1249 3742 Sepultus

161 3775 215 3832 est
230 3764 262 3826 in
278 3761 406 3842 collegii
423 3758 591 3824 Sabaudioi
609 3758 741 3822 sacello.

207 3861 308 3928 «bion
333 3878 350 3924 a
376 3867 480 3923 morte
505 3856 682 3923 conditoris
713 3874 845 3937 praeses
875 3858 1012 3940 positus,
1042 3866 1110 3923 tum
1139 3849 1251 3923 sacrae

160 3959 346 4042 theologiae
360 3957 601 4030 baccalaureus,
615 3962 690 4035 post
700 3953 848 4020 licentiae
863 3973 901 4020 ao
918 3955 1059 4036 supremi
1075 3957 1250 4038 magisterii

160 4059 346 4142 insignibus
371 4059 553 4129 decoratus,
583 4053 668 4134 quod
694 4061 812 4118 statuta
838 4055 1128 4136 permittunt‚‘non
1155 4056 1249 4121 etiam

161 4172 199 4228 ut
222 4158 339 4240 aliquis
361 4167 435 4222 ante
451 4156 564 4220 doctor
586 4153 618 4216 in
640 4152 820 4232 praesidem
843 4154 1040 4232 adsumatur,
1057 4171 1247 4236 quamquam

162 4263 218 4328 lex
229 4275 266 4324 ea
278 4257 308 4321 in
324 4256 457 4338 gratiam
472 4253 619 4320 hodierni
633 4251 791 4334 praesidis
803 4253 942 4318 relaxata
954 4260 1015 4319 est.
1026 4273 1043 4313 >r
1059 4252 1106 4319 lta
1118 4254 1245 4325 Panum.
