3014 4946
750 447 935 512 -sll-

341 609 567 676 Praesentibus
596 609 630 673 in
660 610 745 677 dicto
774 613 924 679 eubiculo
958 611 1119 694 magistris
1150 609 1296 676 Rolando
1325 625 1385 676 van

300 708 454 784 'lhienen‚
477 708 686 786 bruxellensi,
715 719 746 777 et
767 711 907 778 ilenrico
929 727 990 776 van
1016 712 1157 793 Egoron,
1181 709 1384 785 lovaniensi,

300 807 338 872 U.
354 807 383 872 1.
400 807 583 883 licentiatis,
608 807 744 874 testibus
759 810 798 874 ad
815 809 992 892 praemissa
1008 809 1131 876 voeatis
1155 808 1385 889 subscriptum,

300 915 331 974 et
352 923 404 972 me
427 907 550 972 loaune
572 907 613 972 de
633 907 774 985 Wames,
801 909 931 991 publico
954 907 1126 990 curiaeque
1149 907 1387 972 conservatoris

300 1007 403 1071 almae
416 1005 644 1072 Universitatis
659 1007 880 1080 lovaniensis,
904 1007 993 1090 juxta
1015 1007 1249 1073 ordinationem
1266 1004 1387 1087 regiam

299 1104 476 1186 approbato
492 1104 532 1168 ad
552 1105 728 1184 praemissa
752 1106 907 1188 requisito
930 1104 1056 1172 notario
1069 1104 1186 1187 iurato,
1204 1111 1239 1168 ut
1253 1103 1388 1170 inferius

300 1201 455 1283 scriptum
470 1209 550 1267 erat.

822 1432 865 1497 ll.

346 1630 467 1697 Sintuts
489 1631 530 1694 du
552 1630 721 1712 callipode
744 1632 885 1712 Brucpcl,
911 1631 1029 1695 artetes
1050 1648 1088 1694 cn
1111 1629 1229 1693 l'ucracc
1251 1626 1344 1692 llos.

343 1811 548 1892 «collegium
570 1810 795 1892 Brugelianum
821 1810 1001 1876 intentione
1027 1817 1059 1875 ct
1085 1807 1260 1883 desiderio,
1284 1806 1391 1888 inquit

299 1908 451 1982 laudator
473 1909 586 1974 Petrus
612 1909 781 1991 Brugelius
807 1907 1085 1991 Sylvaeducensis‚
1114 1907 1146 1970 in
1174 1904 1391 1970 Universitate

239 2073 242 2082 ,
263 2036 278 2067 r
301 2015 412 2072 nostra
427 2007 604 2072 medicinae
620 2008 733 2072 doctor
748 2016 780 2072 ct
796 2007 963 2089 professor
979 2006 1100 2089 regins,
1115 2013 1257 2070 erectum
1274 2011 1334 2078 est,
1351 2012 1390 2067 ut

301 2115 528 2187 promoveatur
555 2107 690 2171 scientia
718 2105 895 2171 medicinae
920 2105 1055 2188 ejusque
1080 2101 1234 2169 studium.
1249 2125 1267 2161 u
1290 2101 1330 2165 Et
1353 2099 1390 2164 in

302 2203 390 2268 hunc
404 2204 499 2269 linem
524 2205 696 2282 «mandat,
713 2211 747 2270 nt
762 2211 879 2270 statuta
901 2203 1061 2270 burseriis
1084 2201 1268 2267 necessaria
1282 2208 1315 2266 ct
1329 2215 1390 2281 op-

303 2310 441 2385 portuna
453 2303 485 2366 in
499 2303 629 2385 scriptis
641 2305 851 2385 redigantura
864 2303 1003 2368 dominis
1015 2300 1236 2385 provisoribus
1248 2297 1389 2381 collegii,

302 2401 419 2483 quibus
445 2401 499 2466 dat
528 2403 743 2467 omnimodam
772 2409 962 2485 potestatem
989 2401 1156 2466 bursarios
1182 2415 1240 2480 pro
1267 2397 1390 2462 meritis

301 2499 492 2582 castigandi,
509 2507 603 2582 atque
618 2500 725 2576 etiarn,
743 2501 770 2565 si
785 2509 872 2566 tanta
888 2508 992 2576 erunt,
1010 2517 1068 2565 eos
1083 2499 1180 2562 bursa
1196 2495 1340 2578 privandi
1358 2503 1391 2560 et

303 2597 409 2663 dictos
423 2598 615 2664 directorem
633 2615 689 2664 seu
707 2600 887 2681 praesidem
912 2608 942 2665 et
958 2598 1125 2664 bursarios
1142 2595 1280 2678 singulis
1295 2595 1390 2660 annis

304 2697 404 2762 semel
419 2697 582 2762 visitandi.
597 2721 614 2756 s

345 2818 363 2854 α
376 2795 444 2862 lloe
459 2805 563 2861 antem
580 2797 751 2878 praecipue
772 2797 840 2862 vult
861 2806 892 2862 et
913 2796 1076 2879 expressis
1098 2793 1245 2860 terminis
1261 2792 1390 2857 mandat

304 2893 454 2960 dominns
480 2899 617 2960 testator
641 2895 673 2959 in
699 2896 793 2962 dictis
819 2897 888 2962 suis
913 2896 1070 2963 burseriis
1096 2895 1275 2969 observari,
1303 2892 1389 2974 quod

241 3028 244 3032 ·
303 2991 603 3079 dominolpraesidi
629 3011 756 3060 ornnem
786 2997 942 3061 honorem
968 2995 1150 3068 exhibeant,
1179 3005 1212 3059 et
1239 2993 1272 3056 in
1301 2990 1391 3056 omui

303 3091 460 3156 modestia
473 3091 647 3169 subsistet
659 3095 693 3156 in
705 3111 764 3158 suo
776 3094 883 3159 studio
896 3093 1132 3160 etlectionibus
1144 3087 1391 3172 frequentandis

279 3189 365 3277 ¹sint
381 3191 547 3256 assidui.»
582 3209 583 3214 ¹

345 3285 426 3354 Huic
449 3290 556 3370 itaque
578 3291 729 3355 laudabili
752 3291 923 3356 clarissimi
946 3291 1067 3356 domini
1088 3289 1267 3355 fundatoris
1282 3288 1392 3351 inten-

301 3385 381 3450 tioni
396 3403 433 3451 ac
448 3388 610 3453 desiderio
626 3389 813 3454 satisfacere
829 3389 1009 3470 cupientes,
1019 3387 1164 3454 moderni
1177 3388 1292 3452 domos
1306 3383 1392 3448 Bru·

302 3485 446 3566 gelianae
469 3487 655 3568 provisores
678 3487 896 3554 necessarium
920 3489 1080 3553 duxerunt
1101 3494 1218 3550 statuta
1244 3482 1392 3566 ejusdem

300 3600 367 3650 non
398 3601 523 3665 parum.
540 3587 702 3668 antiquata
737 3601 904 3663 renovare,
936 3602 1157 3666 novorumque
1185 3581 1393 3648 institutione

302 3682 430 3764 collegii
454 3693 571 3748 statum
596 3692 689 3765 atquc
711 3684 913 3765 disciplinam
936 3683 969 3747 in
991 3683 1161 3766 pristinum
1182 3680 1391 3763 splendorem

301 3795 339 3845 ao
351 3781 496 3862 vigorem
512 3782 693 3848 restituere.

343 3880 516 3945 Exordium
528 3897 606 3945 vero
619 3897 636 3943 u
648 3880 913 3957 timoncllomini,
927 3881 981 3963 qni
994 3869 1118 3946 initium
1135 3889 1185 3945 est
1201 3874 1392 3960 sapientiae,

301 3988 480 4055 sumentes,
498 3987 641 4044 statuunt
656 3987 687 4044 et
702 3969 852 4044 or'dinant
867 3980 1033 4062 sequentia
1052 3997 1059 4044 :

342 4143 449 4207 Primo
471 4161 482 4206 .·
504 4143 647 4208 Bursarii
670 4143 709 4207 ad
733 4143 839 4209 minus
861 4152 974 4226 quater
988 4145 1021 4208 in
1044 4160 1139 4221 enno,
1157 4143 1190 4208 in
1209 4138 1396 4224 majoribus
