3100 4938
748 379 934 451 -ltt-

299 539 380 620 1555
395 570 562 637 persuum
578 560 804 620 testamentum
818 551 919 618 voluit
938 551 1059 617 dictum
1080 535 1253 634 collegium
1269 567 1395 619 secun·⁴

291 639 376 720 dum
392 653 625 735 praescriptum
644 651 742 734 patris
765 650 816 717 sui
838 650 930 734 eripi,
947 649 1129 732 adjiciendo
1153 648 1300 732 ejusdem
1315 649 1385 731 lun·

298 753 418 819 dationi
434 753 533 818 multa
544 751 605 816 alia
617 751 701 817 bona
713 759 776 816 tarn
792 747 1215 834 nobiliaquamimmobilia
1230 748 1383 815 infundis

299 858 330 916 et
345 851 515 918 reditibus.
733 915 740 926 ,
1066 875 1070 885 ·

340 949 377 1014 ln
392 949 510 1031 quibus
524 953 587 1011 tam
604 946 702 1028 patris
717 963 813 1029 quant
835 945 892 1010 filii
915 946 1011 1012 bonis
1028 946 1114 1012 dicto
1129 944 1267 1026 collegio
1283 944 1384 1026 depu-

299 1147 339 1213 de
353 1146 544 1212 Hoclstroetc
559 1145 596 1223 (l)
613 1160 686 1210 cum
701 1143 807 1210 vicina
822 1143 909 1210 illius
924 1145 1032 1219 domo,
1051 1144 1180 1210 luerunt
1193 1142 1277 1207 duae
1291 1140 1386 1206 villae

300 1261 358 1311 seu
374 1243 532 1321 coloniae,
546 1242 650 1319 altera
665 1259 767 1324 prope
781 1243 935 1325 oppidum
951 1242 1151 1309 lovaniense
1169 1241 1203 1304 in
1225 1239 1383 1312 tleverlis,

299 1343 398 1408 altera
414 1329 446 1406 in
460 1342 533 1408 loco
545 1341 632 1406 dicto
642 1341 841 1415 Boeotorum,
856 1357 919 1406 uno
931 1339 1060 1406 circiter
1072 1338 1199 1404 milliari
1214 1339 1253 1404 ab
1266 1337 1386 1420 oppido

298 1440 500 1507 Lovaniensi.
518 1439 598 1506 Item
613 1438 719 1506 adhuc
734 1435 890 1522 quaedam
913 1439 974 1504 alia
997 1439 1124 1514 domus,
1141 1444 1231 1521 prata
1246 1446 1279 1504 et
1294 1435 1385 1503 fundi

299 1539 415 1620 partim
430 1555 530 1624 prope
553 1537 723 1604 lovanium
745 1537 810 1614 siti,
834 1545 867 1604 ct
887 1537 1009 1621 aliquot
1030 1537 1128 1602 arrnui
1144 1536 1270 1604 reditus
1291 1551 1386 1618 pecu·
1509 1515 1538 1610 ‚⁸

300 1655 405 1702 nrarn.
739 1700 741 1704 .

300 1807 304 1820 Ι
339 1737 514 1803 Bur-sarum
526 1752 680 1802 numerus
691 1743 800 1804 certus
816 1752 881 1802 non
897 1743 948 1803 est
963 1735 1162 1818 praefinitus,
1176 1735 1234 1802 sed
1249 1734 1383 1800 relictus

299 1835 485 1902 discretioni
508 1835 713 1916 provisorum
735 1835 913 1900 secundum
940 1835 1148 1916 quantitatem
1170 1841 1383 1915 proventuum

300 1935 443 2016 ejusdem
465 1933 604 2016 collegii,
615 1933 676 2015 -qui
692 1932 725 1998 in
740 1933 895 2000 varietate
910 1933 1005 2014 pretii
1029 1948 1202 2015 granorum
1218 1948 1283 1999 uno
1299 1949 1384 1999 anno

299 2032 402 2113 major
422 2032 472 2098 vel
493 2033 598 2098 minor
621 2038 672 2098 est
694 2032 806 2120 altero.
825 2031 884 2108 Qui
907 2033 1093 2114 provisores
1112 2031 1249 2113 singulis
1275 2030 1382 2098 bursis

299 2131 474 2212 predictis
499 2131 612 2214 viginti
637 2131 778 2216 quinque
799 2131 964 2198 coronatis
985 2132 1230 2214 assignaverunt
1255 2129 1383 2213 triginta

278 2246 356 2294 ,sex
382 2228 536 2306 florenos,
560 2236 592 2294 et
616 2229 812 2311 praesidenti
839 2229 920 2295 ultra
945 2229 1065 2296 victum
1089 2227 1220 2312 triginta
1245 2237 1383 2310 quatuor

241 2367 243 2374 ι
299 2326 453 2392 florenos.
1221 2325 1227 2332 ’

342 2441 410 2506 lloo
425 2441 595 2523 collegium
610 2443 650 2508 ad
666 2442 896 2524 perfectionem
912 2443 1102 2532 perductum
1125 2443 1236 2511 habuit
1251 2443 1285 2508 in
1299 2460 1385 2509 anuo

300 2539 380 2602 tels
409 2539 576 2617 bursarios
600 2547 736 2608 octoex
758 2541 842 2607 dicte
863 2541 1049 2612 fundatione
1071 2550 1102 2608 et
1127 2542 1211 2608 duos
1236 2542 1320 2608 alios
1346 2559 1384 2608 ex

300 2637 362 2702 alia
376 2637 562 2704 fundatione
577 2641 641 2704 non
657 2639 701 2704 ita
722 2639 845 2721 pridem
861 2641 943 2707 sacta
962 2658 1019 2722 per
1034 2641 1195 2724 quondam
1216 2641 1384 2707 dominum

298 2735 452 2802 loannem
481 2737 548 2800 Van
581 2737 643 2802 den
676 2737 850 2804 Heetvelde
885 2739 946 2805 sub
974 2755 1081 2828 annuo
1111 2739 1215 2806 reditu
1252 2748 1381 2807 centurn
1415 2809 1419 2816 ,

298 2833 507 2900 florenorum.
534 2835 573 2898 Hi
598 2835 665 2901 iere
686 2853 799 2902 omnes
824 2855 863 2903 eo
880 2845 1034 2920 ‚ternpore
1059 2838 1175 2904 dimitti
1199 2838 1383 2906 debuerunt

299 2941 430 3013 propter
451 2933 682 3014 superveniens
703 2941 735 3000 et
756 2950 935 3016 augescens
961 2937 1023 3002 hoc
1042 2937 1174 3013 bellum,
1202 2939 1384 3019 praescissa

295 3030 386 3096 omni
416 3022 474 3111 spe'
503 3031 622 3112 aliquid
651 3033 871 3114 consequendi
900 3051 939 3099 ex
974 3035 1081 3101 lundis
1116 3036 1266 3118 collegii,
1297 3039 1385 3105 dicto

298 3127 436 3210 collegio
458 3127 553 3194 ctiam
573 3139 704 3210 gravato
729 3132 947 3214 hospitatione
969 3127 1110 3198 militari}
1133 3135 1178 3198 llx
1199 3152 1262 3216 qua
1285 3153 1383 3202 causa

189 3257 193 3264 ·
297 3227 484 3308 provisores
499 3227 576 3292 dicti
597 3228 725 3311 collegii
744 3246 784 3296 cx
798 3231 1009 3297 conclusione
1024 3232 1209 3298 facultatum
1222 3251 1385 3302 convenc-

297 3335 372 3390 runt
386 3341 459 3390 oum
471 3325 601 3393 domino
616 3333 647 3393 ot
664 3327 815 3408 magistro
825 3329 946 3396 Joanne
958 3329 1106 3408 Bievene‚
1120 3331 1289 3414 utriusque
1299 3333 1388 3414 juris
1505 3337 1509 3348 “

297 3422 441 3498 doctore,
458 3413 677 3506 dicti'collegii
693 3426 850 3507 praeside,
868 3435 903 3493 ut
925 3427 994 3494 suis
1009 3430 1161 3511 expensis
1176 3430 1329 3497 familiam
1352 3445 1386 3498 et

296 3536 394 3586 onera
420 3521 648 3602 hospitationis
678 3524 824 3590 militaris
851 3527 1038 3606 sustineret,
1070 3537 1102 3594 et
1131 3547 1190 3610 pro
1219 3521 1382 3612 eiusmodi

184 3657 195 3715 3
296 3620 530 3686 sustentatione
542 3621 624 3686 ultra
636 3621 863 3691 habitationem
875 3635 907 3692 et
918 3644 1012 3692 usum
1024 3629 1233 3710 supellectilis
1245 3629 1386 3712 singulis

297 3717 463 3782 mensibus
478 3734 496 3782 a
511 3719 647 3801 collegio
667 3720 799 3788 haberet
820 3722 932 3790 decern
954 3725 1109 3803 florenos,
1126 3735 1158 3793 et
1180 3727 1229 3793 sic
1250 3736 1384 3794 centurn

295 3813 408 3895 viginti
422 3831 480 3896 pro
496 3832 598 3882 anno:
608 3817 671 3884 Sed
687 3819 762 3902 quia
776 3819 810 3886 in
825 3838 909 3888 anno
925 3823 1005 3888 1585
1021 3825 1194 3891 lovanium
1209 3825 1385 3894 liberatum

295 3909 386 3978 suita
403 3911 563 3992 praesidio
579 3915 718 3992 militari,
736 3928 768 3998 et
785 3919 837 3986 sic
857 3921 1028 4004 collegium
1050 3932 1258 3992 exoneratum
1281 3943 1301 3990 a
1324 3944 1385 4018 ne-

300 4130 302 4134 ·
335 4093 374 4166 (l)
395 4093 567 4164 notitione,
582 4096 786 4169 Honestumne,
800 4118 862 4158 nom
872 4060 968 4160 ancien
981 4100 1014 4160 de
1024 4099 1112 4162 'la‘rse
1123 4103 1154 4160 do
1171 4066 1328 4170 Pteleum.
