3058 4952
651 433 841 495 -tor—

197 597 311 662 ctioris
334 605 466 662 senatus
489 598 631 662 decrevit
657 615 721 662 non
743 601 842 664 licere
864 598 958 662 dictis
980 597 1151 660 comitibus
1176 614 1290 678 perpe·

199 703 287 759 tuum
314 697 433 761 babere
463 697 648 776 deputatum
678 697 831 779 (cummis)
857 696 896 759 31
923 712 1006 760 orius
1035 695 1187 775 collegii;
1215 713 1288 759 eum

199 802 318 870 tamen,
336 796 389 875 uui
406 796 534 859 illorum
554 795 684 862 norriiue
707 797 885 862 rationibus
901 812 956 857 seu
974 795 1176 874 compotibus
1199 795 1288 858 exbi-

198 893 313 958 bcndis
329 894 441 969 aderit,
459 911 538 958 voce
561 895 766 959 deliberativa
782 911 854 958 cum
869 893 941 973 jure
958 893 1169 972 praecedendi
1186 893 1286 974 depu-

198 999 281 1055 tatos
294 1008 311 1054 3
324 993 659 1074 lurnemburgcnsibus
672 993 869 1075 gavisurum,
883 993 957 1056 item
974 991 1194 1056 vacationibus
1210 992 1285 1066 clim

197 1090 418 1154 determinatis
438 1091 570 1156 decreto
594 1090 776 1155 Brabantini
802 1102 944 1166 senatus,
963 1091 1037 1154 dato
1060 1090 1079 1152 9
1104 1089 1288 1154 novembris

197 1189 289 1263 1611,
318 1207 381 1270 qno
408 1191 606 1254 statuebatur
631 1191 849 1272 Fuggerorum
877 1201 1104 1270 procuratores
1136 1187 1287 1269 (commis)

196 1287 301 1353 sulum
320 1288 473 1352 fruituros
499 1289 717 1352 vacationibus
735 1290 773 1351 31
790 1305 873 1352 onus
888 1287 1016 1365 collegii
1037 1304 1093 1366 pru
1117 1287 1185 1350 suis
1201 1303 1288 1350 cum-

196 1385 422 1467 paritionibus
441 1385 574 1466 perinde
594 1403 630 1450 ac
647 1387 673 1450 si
692 1387 821 1450 Lovanii
843 1395 1131 1450 commorarentur.
1150 1385 1181 1447 Si
1204 1385 1285 1466 Fug-

196 1485 265 1565 geri
281 1484 368 1548 litem
393 1485 572 1550 sustineant
595 1487 632 1548 ad
658 1486 826 1550 utilitatem
850 1485 991 1566 collegii,
1005 1485 1225 1548 auctoritatem
1247 1487 1283 1547 ad

195 1585 258 1648 boc
284 1583 430 1664 accipere
452 1585 613 1649 debebunt
639 1603 656 1650 a
682 1587 824 1666 generali
847 1586 1002 1666 regimine
1026 1583 1284 1666 (potuerucrueuti

196 1681 310 1762 Belgii,
329 1689 480 1762 tuncque,
498 1692 528 1746 et
546 1701 607 1747 non
630 1685 722 1761 alias,
740 1692 888 1764 sumptus
911 1683 977 1746 litis
1001 1683 1079 1747 leret
1102 1683 1284 1763 collegium.

160 1815 162 1819 ·
195 1780 228 1846 st
255 1779 301 1842 illi
328 1781 497 1860 collegium
528 1782 669 1856 visitent,
698 1782 867 1863 approbari
896 1783 943 1860 (1).
960 1782 1040 1845 baec
1065 1781 1205 1844 visitatio
1227 1781 1288 1845 erit

195 1879 370 1944 abeodem
393 1881 494 1960 Belgii
518 1881 690 1962 regimine;
715 1899 730 1942 a
755 1898 818 1961 quc
842 1880 1107 1945 determinabitur
1127 1896 1286 1943 ,numerus

192 1994 318 2050 eurum,
343 1995 425 2058 quos
450 1979 483 2041 in
510 1980 592 2042 banc
618 1996 686 2043 rem
713 1979 849 2059 Fuggeri
877 1978 1085 2058 deputabunt,
1110 1988 1141 2042 et
1167 1979 1285 2040 horum·

194 2076 381 2140 vacationes
405 2094 421 2140 a
445 2077 580 2159 collegio
603 2077 789 2142 solvendae.
807 2077 897 2150 Qtvod
920 2077 958 2140 ad
983 2085 1098 2141 statuta
1122 2092 1177 2140 seu
1197 2077 1283 2156 leges

193 2175 322 2252 collegii
345 2176 467 2251 attinet,
485 2178 525 2240 de
540 2177 590 2240 bis
615 2193 746 2256 praeses
761 2186 792 2241 et
808 2177 993 2257 provisores
1010 2176 1164 2257 iudicium
1189 2191 1281 2238 strum

192 2275 319 2338 mittent
334 2275 373 2337 ad
391 2275 565 2356 Fuggeros,
580 2274 611 2336 bi
627 2275 743 2340 deinde
757 2277 920 2356 specimen
937 2275 1182 2340 statutorumad
1202 2273 1281 2354 regi-

193 2389 267 2436 men
292 2373 387 2454 Belgii
409 2375 569 2453 generale,
588 2383 621 2437 ut
643 2374 936 2454 apposuerimus
961 2375 1000 2438 de
1024 2374 1136 2437 eodem
1155 2373 1282 2452 negotio

193 2470 494 2552 Luxemburgeuses
507 2473 637 2536 ordines
653 2483 814 2552 poterunt.
829 2473 993 2536 inhibetur
1010 2471 1160 2552 praesidi,
1177 2489 1215 2534 ne
1231 2471 1284 2534 ille

193 2585 230 2635 se
249 2569 460 2649 jurejurando
475 2571 630 2652 Fuggeris
654 2571 844 2650 obstringat,
862 2573 918 2635 sed
937 2571 1128 2634 Academiae
1151 2569 1280 2643 rectori,

192 2667 352 2748 pollicens
368 2685 404 2733 se
418 2669 508 2749 leges
522 2670 779 2743 observaturum,
799 2687 866 2734 rem
886 2669 1013 2748 collegii
1029 2677 1115 2732 recte
1130 2667 1281 2732 adminis-

193 2774 364 2840 traturum,
382 2768 639 2848 necquicquam,
657 2768 752 2831 etiam
775 2767 942 2841 indirecte,
960 2767 999 2830 ad
1017 2767 1280 2846 consequendum

192 2865 255 2931 boc
272 2881 388 2929 munus
404 2864 534 2930 dedisse
548 2875 673 2944 praeter
688 2867 870 2946 imperiales
886 2883 944 2928 seu
960 2875 1050 2928 scula
1067 2865 1206 2944 quinque
1222 2879 1280 2943 pro

192 2965 360 3029 commissi
385 2965 446 3028 sibi
469 2965 566 3030 officii
589 2965 713 3039 literis;
740 2983 842 3045 neque
867 2964 1006 3028 bursarii
1028 2981 1067 3028 eo
1090 2963 1182 3027 titulo
1209 2961 1281 3041 plus

192 3079 287 3142 quam
304 3069 394 3126 scuta
410 3063 473 3127 duc
490 3064 620 3138 dabunt,
638 3064 755 3146 alioqui
770 3065 937 3128 bursarum
952 3063 1077 3143 juctura
1093 3059 1279 3125 mulctandi.
1340 3139 1342 3143 v

193 3161 238 3224 lta
254 3161 383 3230 Plouur.

233 3356 434 3433 13331730,
452 3357 492 3420 18
512 3359 708 3435 novembris,
726 3375 859 3439 praeses
882 3359 1009 3440 collegii
1032 3357 1127 3438 hujus
1142 3354 1280 3419 blandus

192 3455 259 3520 Van
276 3455 336 3518 den
354 3455 447 3520 Steen
472 3457 634 3536 emptione
656 3458 825 3538 acquisivit
846 3458 885 3521 31
909 3475 990 3538 opus
1006 3455 1132 3537 collegii
1149 3456 1280 3518 domum

192 3554 324 3620 baronis
340 3554 380 3618 de
395 3556 541 3636 Spangen
558 3573 630 3620 cum
648 3557 742 3621 horto
758 3566 790 3620 et
805 3557 903 3620 fundu
920 3557 1025 3636 amplo
1045 3553 1279 3636 adiacentibus

192 3653 289 3722 situm
307 3653 340 3716 in
357 3654 460 3733 platea
471 3654 643 3728 lbcnensi‚
657 3654 837 3736 contiguam
851 3655 987 3735 collegio
1002 3652 1163 3717 Francisci
1176 3651 1280 3725 llovii,

192 3751 287 3817 aliter
307 3751 382 3814 dicti
400 3752 626 3817 Patrimonium
644 3753 773 3827 Christi,
790 3753 904 3816 intuitu
928 3753 1054 3832 collegii
1071 3752 1167 3831 hujus
1182 3750 1281 3814 culla-

191 3849 297 3920 bentis
313 3859 344 3914 et
360 3851 413 3913 siti
429 3851 461 3912 in
478 3852 550 3916 loco
566 3851 687 3915 humidi
703 3869 743 3917 eo
759 3853 930 3932 aliquando
946 3851 1171 3934 transferendi.
1214 3891 1217 3898 ,

233 3945 325 4012 Anno
348 3949 428 4010 1711
448 3950 498 4030 agi
521 3961 670 4030 coeptum
686 3958 735 4014 est
757 3951 798 4015 de
821 3951 1030 4015 translatione
1045 3950 1105 4014 bac
1120 3949 1278 4014 iacienda.

229 4161 272 4228 (l)
293 4161 319 4216 Il
333 4161 389 4218 lunt
402 4179 463 4217 sans
476 4162 556 4220 doute
569 4164 617 4220 lire
627 4165 792 4236 approbanda
806 4183 838 4220 au
852 4163 905 4222 lieu
917 4164 950 4222 ds
962 4164 1111 4236 approbari.
