3090 4956
616 443 800 507 -tab-

162 607 355 688 theologiae,
370 625 409 673 ne
423 615 527 672 tamen
544 607 792 688 consanguineis
809 595 888 672 meis
901 606 1078 672 libertatern
1095 609 1245 687 adimam,

163 713 195 772 et
211 717 244 771 ut
259 707 354 770 eitius
371 706 450 785 ipsis
467 705 612 769 subsidio
630 705 690 768 sim
707 706 746 767 ad
769 706 932 770 literarum
948 707 1063 781 studia,
1082 709 1155 770 volo
1174 709 1248 773 des-

162 807 339 871 cendentes
355 823 393 870 ex
420 822 532 869 sorore
557 805 677 868 loanna
693 805 742 868 vel
772 806 921 869 iratribus
948 807 1027 870 meis
1056 807 1201 887 lleynero
1218 818 1249 872 et

163 905 336 970 Laurentio
352 905 476 968 illarum
489 905 657 967 bursarum
670 919 803 984 capaces
818 921 890 968 asse
902 905 941 968 ab
958 922 996 969 eo
1014 913 1167 986 tempore,
1183 923 1247 988 quo

163 1013 314 1085 poterunt
330 1005 461 1070 studere
476 1003 591 1067 latinae
606 1003 743 1082 linguae,
764 1004 858 1068 modo
882 1011 985 1068 tamen
1009 1003 1074 1068 sint
1097 1005 1136 1068 ad
1152 1005 1247 1068 mini-

163 1119 249 1166 mum
265 1103 434 1166 duodecim
450 1119 617 1166 annorum.
631 1099 679 1177 Et,
694 1102 720 1166 si
735 1110 807 1182 post
824 1103 1057 1184 promotionem
1075 1104 1105 1166 in
1123 1104 1245 1168 artibus
1342 1128 1346 1136 ·

160 1201 321 1266 voluerint
343 1203 472 1266 studere
496 1218 606 1265 sacrae
632 1202 822 1282 theologiae,
851 1209 1011 1282 poterunt,
1030 1204 1112 1266 siout
1138 1210 1169 1266 et
1195 1203 1248 1265 alii

160 1301 311 1374 bursarii,
328 1301 467 1382 gandera
493 1301 560 1364 suis
587 1301 704 1375 bursis,
722 1301 825 1364 donec
851 1301 1050 1381 expleverint
1068 1310 1194 1380 tempus
1215 1303 1247 1364 in

160 1400 270 1464 studio
286 1400 465 1479 theologico
482 1399 670 1479 requisitum
695 1400 733 1461 ad
756 1399 904 1463 licentiae
925 1401 1073 1478 gradum.
1092 1400 1123 1462 Si
1138 1409 1245 1464 autem

161 1489 252 1562 alte'ri
271 1489 376 1583 studio
391 1515 426 1562 se
441 1499 559 1562 nenena
575 1497 682 1569 velint,
700 1497 835 1560 liberum
852 1497 931 1578 ipsis
948 1499 1007 1561 erit
1025 1508 1097 1577 post
1115 1515 1246 1577 promo-

161 1597 282 1660 tionem
310 1597 342 1658 in
372 1597 493 1660 artibus
522 1596 689 1676 collegium
723 1606 867 1659 nostrum
897 1595 1093 1676 relinquere,
1120 1597 1152 1659 in
1183 1614 1247 1678 quo

161 1712 275 1759 omnes
291 1703 416 1774 oportet
431 1711 504 1758 esse
517 1694 696 1774 theologos.
712 1694 787 1757 Post
799 1695 1069 1773 consanguineos,
1087 1694 1247 1774 publicata

163 1801 267 1857 tamen
285 1792 389 1856 Lewis
411 1792 510 1855 saneti
536 1791 618 1854 Petri
640 1792 755 1854 bursae
771 1791 949 1865 vacatione,
969 1801 1038 1868 tres,
1052 1809 1090 1856 ex
1106 1793 1245 1856 alumnis

162 1889 325 1956 seminarii
341 1889 534 1970 episcopalis
546 1889 787 1970 antuerpiensis
803 1889 965 1952 habebunt
980 1891 1245 1970 praeferentiam3

162 2007 245 2071 quos
269 1989 476 2054 nominabunt
498 1988 798 2070 superintendentes
823 1987 926 2052 eidem
950 1988 1125 2068 episcopali
1149 1992 1248 2053 semi-

164 2091 255 2153 nario
280 2089 500 2168 provisoribus
523 2088 624 2152 nostri
640 2089 778 2168 collegii.
797 2089 908 2152 Plures
932 2100 1037 2152 autem
1062 2106 1155 2168 quam
1181 2096 1247 2153 tres

163 2190 259 2254 simul
286 2189 347 2252 boc
373 2189 501 2252 nomine
527 2205 590 2252 non
618 2187 826 2266 recipientur3
854 2194 886 2250 et
911 2187 1043 2267 obligati
1073 2188 1246 2251 manebunt

163 2287 374 2369 episcopatui,
393 2303 456 2350 non
472 2303 567 2351 secus
583 2286 662 2349 acsi
679 2288 709 2348 in
727 2285 899 2348 seminario
915 2286 1139 2365 Antverpiensi
1157 2301 1244 2347 man-

163 2387 295 2451 sissent.
314 2386 389 2449 Post
405 2387 485 2449 istos
499 2385 573 2448 volo
588 2383 727 2447 conferri
744 2383 858 2446 bursas
876 2399 962 2446 meas
981 2400 1036 2462 per
1049 2400 1244 2446 concursum

165 2487 266 2567 magis
283 2486 418 2560 idoneis
436 2500 564 2565 operam
582 2484 703 2547 daturis
720 2499 831 2547 sacrae
849 2483 1046 2562 theologiae;
1061 2490 1151 2546 extra
1169 2500 1247 2547 oon-

164 2579 359 2665 sangnineos
377 2583 461 2648 enim
485 2581 720 2646 descendentes
744 2591 776 2644 ut
799 2597 895 2660 supra
920 2581 1025 2644 nullus
1049 2581 1244 2655 admittetur,

165 2683 218 2766 qui
243 2701 307 2747 non
330 2683 371 2746 sit
396 2683 427 2744 in
451 2681 571 2744 artibus
595 2688 760 2760 promotus
786 2688 817 2742 et
843 2679 990 2750 idoneus,
1013 2688 1045 2741 ut
1069 2679 1247 2759 theologiae

162 2783 299 2854 studeat,
318 2780 410 2861 eique
426 2779 532 2843 studio
549 2787 620 2841 actu
645 2793 681 2840 ac
704 2777 809 2855 reipsa
826 2793 898 2839 sese
914 2776 1061 2855 applicet.
1079 2777 1111 2838 Si
1128 2785 1245 2850 tamen,

163 2889 196 2944 ut
225 2879 420 2959 praedictum
447 2886 508 2951 est,
538 2892 600 2938 non
627 2874 718 2937 aliter
744 2873 911 2961 provisum
936 2873 1041 2946 luerit,
1068 2873 1244 2954 ,collegium

162 2995 267 3043 meum
280 2977 463 3058 gravabitur
474 2974 623 3038 uitalibus
635 2972 801 3045 reditibus
817 2981 911 3051 prout
927 2972 1089 3052 sequitur:
1104 2971 1245 3036 loannae

162 3075 350 3158 Pypenbuys
363 3075 400 3137 ad
413 3075 508 3138 vitam
524 3073 609 3136 dabit
623 3071 851 3152 qnirrqraaginta
867 3070 1022 3143 florenos,
1038 3072 1146 3133 nortae
1159 3070 1246 3132 Wal-

161 3191 277 3239 ravens
301 3183 428 3237 eentum
451 3169 592 3234 florenos
618 3170 741 3234 reditus
764 3169 879 3241 vitalis,
903 3178 934 3232 et
957 3167 1145 3248 Margaritae
1170 3167 1247 3231 ller-

161 3275 273 3338 brants
298 3271 339 3334 48
365 3271 517 3344 borenna,
535 3269 682 3332 similiter
707 3268 842 3331 durante
869 3267 937 3347 eius
965 3267 1246 3330 vita.Proviso1‘es

159 3371 287 3452 collegii
310 3370 371 3434 mei
395 3368 524 3432 nomino
547 3375 717 3447 perpetuos
744 3383 750 3428 :
778 3365 957 3444 praesidem
980 3365 1143 3430 seminarii
1168 3364 1246 3444 regii

159 3470 302 3538 Lovanii,
316 3475 347 3532 et
360 3468 518 3532 seniorem
532 3474 692 3546 regentem
711 3465 741 3526 iu
759 3464 907 3528 facultate
919 3465 1097 3544 theologica
1112 3463 1243 3539 ibidem,

158 3577 189 3633 et
219 3551 349 3631 fratrem
380 3583 483 3630 meum
515 3563 725 3628 Laurentium
749 3563 921 3626 llalderum
953 3563 992 3625 ad
1018 3563 1114 3624 vitam
1140 3577 1243 3634 snam,

159 3667 293 3748 ejusque
319 3665 391 3728 loco
418 3671 539 3744 postea,
557 3678 652 3742 quem
679 3659 785 3723 dictus
802 3675 931 3740 praeses
958 3669 988 3722 et
1003 3659 1112 3723 senior
1128 3675 1244 3739 regens

157 3784 195 3829 ex
211 3760 462 3842 consanguineis
479 3759 558 3823 meis
574 3763 747 3821 assument.
766 3756 847 3820 Suae
873 3766 975 3820 tamen
1000 3757 1081 3819 ritae
1099 3765 1242 3836 tempore
1265 3761 1267 3766 '

156 3863 307 3928 dominus
336 3861 448 3924 Petrus
474 3859 588 3931 CoenS,
618 3855 812 3920 secretarius
838 3871 940 3929 meus
969 3854 1029 3918 erit
1059 3853 1181 3934 primus
1209 3863 1242 3917 et

156 3956 596 4036 extraordinariusprovisor.
608 3953 881 4019 Provisorumerit
894 3951 1061 4018 admittere
1074 3950 1240 4017 bursarios

157 4070 189 4124 et
205 4059 378 4122 dimittere.
