<?xml version="1.0" encoding="UTF-8"?>
<!DOCTYPE html PUBLIC "-//W3C//DTD XHTML 1.0 Transitional//EN"
    "http://www.w3.org/TR/xhtml1/DTD/xhtml1-transitional.dtd">
<html xmlns="http://www.w3.org/1999/xhtml" xml:lang="en" lang="en">
 <head>
  <title>
</title>
<meta http-equiv="Content-Type" content="text/html;charset=utf-8" />
  <meta name='ocr-system' content='tesseract 3.04.00' />
  <meta name='ocr-capabilities' content='ocr_page ocr_carea ocr_par ocr_line ocrx_word'/>
</head>
<body>
  <div class='ocr_page' id='page_1' title='image "./documentsrelati02reusgoog_0171.png"; bbox 0 0 3100 4938; ppageno 0'>
   <div class='ocr_carea' id='block_1_1' title="bbox 737 448 922 514">
    <p class='ocr_par' dir='ltr' id='par_1_1' title="bbox 737 448 922 514">
     <span class='ocr_line' id='line_1_1' title="bbox 737 448 922 514; baseline -0.011 -15"><span class='ocrx_word' id='word_1_1' title='bbox 737 448 922 514; x_wconf 66' lang='grc'>..164-</span> 
     </span>
    </p>
   </div>
   <div class='ocr_carea' id='block_1_2' title="bbox 280 604 1379 4029">
    <p class='ocr_par' dir='ltr' id='par_1_2' title="bbox 282 604 1373 792">
     <span class='ocr_line' id='line_1_2' title="bbox 283 604 1373 695; baseline -0.001 -18"><span class='ocrx_word' id='word_1_2' title='bbox 283 611 407 678; x_wconf 90' lang='lat' dir='ltr'>ratione</span> <span class='ocrx_word' id='word_1_3' title='bbox 423 613 504 684; x_wconf 82' lang='lat' dir='ltr'>tacta</span> <span class='ocrx_word' id='word_1_4' title='bbox 520 613 616 695; x_wconf 75' lang='lat' dir='ltr'>buius</span> <span class='ocrx_word' id='word_1_5' title='bbox 632 612 809 692; x_wconf 79' lang='lat' dir='ltr'>districtus)</span> <span class='ocrx_word' id='word_1_6' title='bbox 832 612 871 677; x_wconf 89' lang='lat' dir='ltr'>ab</span> <span class='ocrx_word' id='word_1_7' title='bbox 886 604 1133 693; x_wconf 85' lang='lat' dir='ltr'>archiepiscopo</span> <span class='ocrx_word' id='word_1_8' title='bbox 1148 609 1373 679; x_wconf 82' lang='lat' dir='ltr'>blechliniensi</span> 
     </span>
     <span class='ocr_line' id='line_1_3' title="bbox 282 709 1020 792; baseline -0.004 -17"><span class='ocrx_word' id='word_1_9' title='bbox 282 709 542 792; x_wconf 77' lang='lat' dir='ltr'>archipresbyter</span> <span class='ocrx_word' id='word_1_10' title='bbox 557 710 765 778; x_wconf 82' lang='lat' dir='ltr'>constituitur</span> <span class='ocrx_word' id='word_1_11' title='bbox 783 709 824 774; x_wconf 73' lang='lat' dir='ltr'>tl</span> <span class='ocrx_word' id='word_1_12' title='bbox 838 709 911 791; x_wconf 87' lang='lat' dir='ltr'>julii</span> <span class='ocrx_word' id='word_1_13' title='bbox 927 709 1020 772; x_wconf 79' lang='lat' dir='ltr'>ilat.</span> 
     </span>
    </p>

    <p class='ocr_par' dir='ltr' id='par_1_3' title="bbox 280 805 1379 4029">
     <span class='ocr_line' id='line_1_4' title="bbox 322 805 1370 891; baseline 0.007 -23"><span class='ocrx_word' id='word_1_14' title='bbox 322 827 342 868; x_wconf 78' lang='lat' dir='ltr'>u</span> <span class='ocrx_word' id='word_1_15' title='bbox 353 809 457 875; x_wconf 85' lang='lat' dir='ltr'>Variis</span> <span class='ocrx_word' id='word_1_16' title='bbox 473 809 575 886; x_wconf 90' lang='lat' dir='ltr'>bisce,</span> <span class='ocrx_word' id='word_1_17' title='bbox 591 809 635 874; x_wconf 89' lang='lat' dir='ltr'>ait</span> <span class='ocrx_word' id='word_1_18' title='bbox 648 809 766 875; x_wconf 81' lang='lat' dir='ltr'>Sebeda</span> <span class='ocrx_word' id='word_1_19' title='bbox 781 807 853 891; x_wconf 77' lang='lat' dir='ltr'>eius</span> <span class='ocrx_word' id='word_1_20' title='bbox 868 809 1052 883; x_wconf 80' lang='lat' dir='ltr'>mortuaria,</span> <span class='ocrx_word' id='word_1_21' title='bbox 1069 815 1101 874; x_wconf 91' lang='lat' dir='ltr'>et</span> <span class='ocrx_word' id='word_1_22' title='bbox 1116 805 1247 882; x_wconf 88' lang='lat' dir='ltr'>merito,</span> <span class='ocrx_word' id='word_1_23' title='bbox 1265 807 1370 875; x_wconf 90' lang='lat' dir='ltr'>bono-</span> 
     </span>
     <span class='ocr_line' id='line_1_5' title="bbox 280 907 1372 990; baseline 0 -18"><span class='ocrx_word' id='word_1_24' title='bbox 280 907 372 974; x_wconf 85' lang='lat' dir='ltr'>ribus</span> <span class='ocrx_word' id='word_1_25' title='bbox 386 924 424 973; x_wconf 88' lang='lat' dir='ltr'>ae</span> <span class='ocrx_word' id='word_1_26' title='bbox 435 908 623 973; x_wconf 91' lang='lat' dir='ltr'>muneribus</span> <span class='ocrx_word' id='word_1_27' title='bbox 639 924 712 974; x_wconf 91' lang='lat' dir='ltr'>curn</span> <span class='ocrx_word' id='word_1_28' title='bbox 728 907 976 990; x_wconf 79' lang='lat' dir='ltr'>gloria&#39;semper</span> <span class='ocrx_word' id='word_1_29' title='bbox 987 914 1157 973; x_wconf 74' lang='lat' dir='ltr'>crescente</span> <span class='ocrx_word' id='word_1_30' title='bbox 1169 907 1372 988; x_wconf 83' lang='lat' dir='ltr'>perfunctus,</span> 
     </span>
     <span class='ocr_line' id='line_1_6' title="bbox 281 1003 1375 1087; baseline 0 -17"><span class='ocrx_word' id='word_1_31' title='bbox 281 1005 442 1071; x_wconf 90' lang='lat' dir='ltr'>neminem</span> <span class='ocrx_word' id='word_1_32' title='bbox 458 1021 495 1072; x_wconf 89' lang='lat' dir='ltr'>sa</span> <span class='ocrx_word' id='word_1_33' title='bbox 506 1005 636 1087; x_wconf 92' lang='lat' dir='ltr'>reliquit</span> <span class='ocrx_word' id='word_1_34' title='bbox 651 1005 866 1087; x_wconf 90' lang='lat' dir='ltr'>superiorem.</span> <span class='ocrx_word' id='word_1_35' title='bbox 884 1004 1020 1080; x_wconf 79' lang='lat' dir='ltr'>Etenim,</span> <span class='ocrx_word' id='word_1_36' title='bbox 1034 1003 1063 1069; x_wconf 93' lang='lat' dir='ltr'>si</span> <span class='ocrx_word' id='word_1_37' title='bbox 1078 1003 1210 1070; x_wconf 83' lang='lat' dir='ltr'>difficile</span> <span class='ocrx_word' id='word_1_38' title='bbox 1225 1012 1277 1073; x_wconf 89' lang='lat' dir='ltr'>est</span> <span class='ocrx_word' id='word_1_39' title='bbox 1292 1003 1375 1070; x_wconf 91' lang='lat' dir='ltr'>bene</span> 
     </span>
     <span class='ocr_line' id='line_1_7' title="bbox 282 1103 1375 1187; baseline 0.001 -17"><span class='ocrx_word' id='word_1_40' title='bbox 282 1103 401 1171; x_wconf 90' lang='lat' dir='ltr'>docere</span> <span class='ocrx_word' id='word_1_41' title='bbox 413 1105 620 1187; x_wconf 82' lang='lat' dir='ltr'>theologiam,</span> <span class='ocrx_word' id='word_1_42' title='bbox 630 1105 713 1172; x_wconf 89' lang='lat' dir='ltr'>bena</span> <span class='ocrx_word' id='word_1_43' title='bbox 723 1105 844 1182; x_wconf 87' lang='lat' dir='ltr'>docuit,</span> <span class='ocrx_word' id='word_1_44' title='bbox 859 1121 924 1170; x_wconf 92' lang='lat' dir='ltr'>non</span> <span class='ocrx_word' id='word_1_45' title='bbox 937 1103 1089 1170; x_wconf 91' lang='lat' dir='ltr'>tamenin</span> <span class='ocrx_word' id='word_1_46' title='bbox 1102 1103 1223 1169; x_wconf 88' lang='lat' dir='ltr'>scholis</span> <span class='ocrx_word' id='word_1_47' title='bbox 1236 1104 1375 1185; x_wconf 88' lang='lat' dir='ltr'>publicis</span> 
     </span>
     <span class='ocr_line' id='line_1_8' title="bbox 281 1203 1373 1286; baseline 0 -16"><span class='ocrx_word' id='word_1_48' title='bbox 281 1204 498 1286; x_wconf 86' lang='lat' dir='ltr'>theologicis;</span> <span class='ocrx_word' id='word_1_49' title='bbox 515 1205 572 1271; x_wconf 93' lang='lat' dir='ltr'>sed</span> <span class='ocrx_word' id='word_1_50' title='bbox 588 1205 620 1269; x_wconf 91' lang='lat' dir='ltr'>id</span> <span class='ocrx_word' id='word_1_51' title='bbox 637 1203 794 1286; x_wconf 87' lang='lat' dir='ltr'>praestitit</span> <span class='ocrx_word' id='word_1_52' title='bbox 815 1205 847 1267; x_wconf 95' lang='lat' dir='ltr'>in</span> <span class='ocrx_word' id='word_1_53' title='bbox 870 1203 1023 1270; x_wconf 88' lang='lat' dir='ltr'>cathedra</span> <span class='ocrx_word' id='word_1_54' title='bbox 1039 1220 1097 1268; x_wconf 88' lang='lat' dir='ltr'>sua</span> <span class='ocrx_word' id='word_1_55' title='bbox 1119 1204 1373 1282; x_wconf 81' lang='lat' dir='ltr'>concionatoria,</span> 
     </span>
     <span class='ocr_line' id='line_1_9' title="bbox 281 1300 1376 1384; baseline 0.005 -19"><span class='ocrx_word' id='word_1_56' title='bbox 281 1301 316 1367; x_wconf 91' lang='lat' dir='ltr'>in</span> <span class='ocrx_word' id='word_1_57' title='bbox 339 1302 507 1384; x_wconf 78' lang='lat' dir='ltr'>collegiata</span> <span class='ocrx_word' id='word_1_58' title='bbox 529 1303 594 1368; x_wconf 89' lang='lat' dir='ltr'>divi</span> <span class='ocrx_word' id='word_1_59' title='bbox 615 1303 702 1370; x_wconf 90' lang='lat' dir='ltr'>Petri</span> <span class='ocrx_word' id='word_1_60' title='bbox 724 1302 880 1380; x_wconf 89' lang='lat' dir='ltr'>ecciesia;</span> <span class='ocrx_word' id='word_1_61' title='bbox 902 1301 930 1367; x_wconf 92' lang='lat' dir='ltr'>si</span> <span class='ocrx_word' id='word_1_62' title='bbox 952 1300 1118 1367; x_wconf 86' lang='lat' dir='ltr'>difficilius</span> <span class='ocrx_word' id='word_1_63' title='bbox 1144 1310 1194 1368; x_wconf 88' lang='lat' dir='ltr'>est</span> <span class='ocrx_word' id='word_1_64' title='bbox 1220 1319 1376 1384; x_wconf 89' lang='lat' dir='ltr'>praeesse</span> 
     </span>
     <span class='ocr_line' id='line_1_10' title="bbox 282 1391 1374 1482; baseline 0 -17"><span class='ocrx_word' id='word_1_65' title='bbox 282 1400 421 1481; x_wconf 89' lang='lat' dir='ltr'>collegio</span> <span class='ocrx_word' id='word_1_66' title='bbox 437 1416 501 1465; x_wconf 94' lang='lat' dir='ltr'>non</span> <span class='ocrx_word' id='word_1_67' title='bbox 517 1406 651 1474; x_wconf 90' lang='lat' dir='ltr'>tantum,</span> <span class='ocrx_word' id='word_1_68' title='bbox 670 1401 728 1466; x_wconf 87' lang='lat' dir='ltr'>sed</span> <span class='ocrx_word' id='word_1_69' title='bbox 744 1399 944 1482; x_wconf 82' lang='lat' dir='ltr'>presbyteris</span> <span class='ocrx_word' id='word_1_70' title='bbox 959 1408 992 1465; x_wconf 91' lang='lat' dir='ltr'>et</span> <span class='ocrx_word' id='word_1_71' title='bbox 1007 1391 1205 1480; x_wconf 83' lang='lat' dir='ltr'>pastoribus,</span> <span class='ocrx_word' id='word_1_72' title='bbox 1223 1415 1374 1481; x_wconf 88' lang='lat' dir='ltr'>praeser-</span> 
     </span>
     <span class='ocr_line' id='line_1_11' title="bbox 282 1497 1376 1579; baseline 0.001 -16"><span class='ocrx_word' id='word_1_73' title='bbox 282 1497 340 1564; x_wconf 90' lang='lat' dir='ltr'>tim</span> <span class='ocrx_word' id='word_1_74' title='bbox 355 1498 553 1564; x_wconf 83' lang='lat' dir='ltr'>calamitosis</span> <span class='ocrx_word' id='word_1_75' title='bbox 568 1498 780 1579; x_wconf 88' lang='lat' dir='ltr'>temporibus,</span> <span class='ocrx_word' id='word_1_76' title='bbox 797 1498 880 1564; x_wconf 91' lang='lat' dir='ltr'>bene</span> <span class='ocrx_word' id='word_1_77' title='bbox 902 1497 1057 1578; x_wconf 89' lang='lat' dir='ltr'>praeluit;</span> <span class='ocrx_word' id='word_1_78' title='bbox 1079 1497 1108 1562; x_wconf 90' lang='lat' dir='ltr'>si</span> <span class='ocrx_word' id='word_1_79' title='bbox 1124 1513 1177 1563; x_wconf 91' lang='lat' dir='ltr'>ars</span> <span class='ocrx_word' id='word_1_80' title='bbox 1191 1498 1311 1563; x_wconf 89' lang='lat' dir='ltr'>artium</span> <span class='ocrx_word' id='word_1_81' title='bbox 1325 1507 1376 1564; x_wconf 91' lang='lat' dir='ltr'>est</span> 
     </span>
     <span class='ocr_line' id='line_1_12' title="bbox 283 1594 1374 1678; baseline -0.004 -16"><span class='ocrx_word' id='word_1_82' title='bbox 283 1603 315 1662; x_wconf 91' lang='lat' dir='ltr'>et</span> <span class='ocrx_word' id='word_1_83' title='bbox 331 1611 448 1662; x_wconf 92' lang='lat' dir='ltr'>munus</span> <span class='ocrx_word' id='word_1_84' title='bbox 464 1596 619 1678; x_wconf 83' lang='lat' dir='ltr'>angelicis</span> <span class='ocrx_word' id='word_1_85' title='bbox 635 1596 779 1664; x_wconf 87' lang='lat' dir='ltr'>humeris</span> <span class='ocrx_word' id='word_1_86' title='bbox 801 1596 1037 1664; x_wconf 82' lang='lat' dir='ltr'>formidandum</span> <span class='ocrx_word' id='word_1_87' title='bbox 1054 1612 1165 1660; x_wconf 89' lang='lat' dir='ltr'>euram</span> <span class='ocrx_word' id='word_1_88' title='bbox 1180 1612 1295 1677; x_wconf 88' lang='lat' dir='ltr'>gerere</span> <span class='ocrx_word' id='word_1_89' title='bbox 1310 1594 1374 1661; x_wconf 90' lang='lat' dir='ltr'>ani·</span> 
     </span>
     <span class='ocr_line' id='line_1_13' title="bbox 282 1693 1375 1777; baseline 0 -19"><span class='ocrx_word' id='word_1_90' title='bbox 282 1710 418 1776; x_wconf 85' lang='lat' dir='ltr'>marum,</span> <span class='ocrx_word' id='word_1_91' title='bbox 433 1711 511 1761; x_wconf 89' lang='lat' dir='ltr'>oves</span> <span class='ocrx_word' id='word_1_92' title='bbox 528 1711 662 1777; x_wconf 91' lang='lat' dir='ltr'>pascere</span> <span class='ocrx_word' id='word_1_93' title='bbox 676 1696 776 1762; x_wconf 91' lang='lat' dir='ltr'>verbo</span> <span class='ocrx_word' id='word_1_94' title='bbox 791 1703 823 1760; x_wconf 91' lang='lat' dir='ltr'>et</span> <span class='ocrx_word' id='word_1_95' title='bbox 838 1695 999 1775; x_wconf 86' lang='lat' dir='ltr'>exemplo,</span> <span class='ocrx_word' id='word_1_96' title='bbox 1014 1710 1124 1760; x_wconf 90' lang='lat' dir='ltr'>curam</span> <span class='ocrx_word' id='word_1_97' title='bbox 1139 1693 1242 1776; x_wconf 81' lang='lat' dir='ltr'>gessit</span> <span class='ocrx_word' id='word_1_98' title='bbox 1258 1700 1375 1775; x_wconf 89' lang='lat' dir='ltr'>potens</span> 
     </span>
     <span class='ocr_line' id='line_1_14' title="bbox 284 1791 1378 1874; baseline -0.002 -18"><span class='ocrx_word' id='word_1_99' title='bbox 284 1793 432 1874; x_wconf 89' lang='lat' dir='ltr'>inopere</span> <span class='ocrx_word' id='word_1_100' title='bbox 454 1802 486 1861; x_wconf 92' lang='lat' dir='ltr'>et</span> <span class='ocrx_word' id='word_1_101' title='bbox 502 1810 665 1860; x_wconf 89' lang='lat' dir='ltr'>sermone.</span> <span class='ocrx_word' id='word_1_102' title='bbox 683 1793 775 1858; x_wconf 84' lang='lat' dir='ltr'>Enim</span> <span class='ocrx_word' id='word_1_103' title='bbox 797 1809 972 1866; x_wconf 76' lang='lat' dir='ltr'>veronen</span> <span class='ocrx_word' id='word_1_104' title='bbox 995 1793 1175 1872; x_wconf 90' lang='lat' dir='ltr'>interrupta</span> <span class='ocrx_word' id='word_1_105' title='bbox 1196 1791 1295 1866; x_wconf 91' lang='lat' dir='ltr'>serie,</span> <span class='ocrx_word' id='word_1_106' title='bbox 1313 1791 1378 1857; x_wconf 88' lang='lat' dir='ltr'>nisi</span> 
     </span>
     <span class='ocr_line' id='line_1_15' title="bbox 285 1889 1378 1974; baseline -0.002 -17"><span class='ocrx_word' id='word_1_107' title='bbox 285 1908 382 1973; x_wconf 87' lang='lat' dir='ltr'>quum</span> <span class='ocrx_word' id='word_1_108' title='bbox 398 1891 504 1974; x_wconf 77' lang='lat' dir='ltr'>coegit</span> <span class='ocrx_word' id='word_1_109' title='bbox 525 1893 637 1957; x_wconf 88' lang='lat' dir='ltr'>eadem</span> <span class='ocrx_word' id='word_1_110' title='bbox 660 1909 731 1957; x_wconf 92' lang='lat' dir='ltr'>cum</span> <span class='ocrx_word' id='word_1_111' title='bbox 758 1900 871 1956; x_wconf 87' lang='lat' dir='ltr'>sancto</span> <span class='ocrx_word' id='word_1_112' title='bbox 892 1891 1270 1974; x_wconf 81' lang='lat' dir='ltr'>loannechrysostomo</span> <span class='ocrx_word' id='word_1_113' title='bbox 1292 1889 1378 1955; x_wconf 90' lang='lat' dir='ltr'>vitae</span> 
     </span>
     <span class='ocr_line' id='line_1_16' title="bbox 285 1986 1376 2072; baseline -0.002 -18"><span class='ocrx_word' id='word_1_114' title='bbox 285 1989 448 2055; x_wconf 88' lang='lat' dir='ltr'>calamitas</span> <span class='ocrx_word' id='word_1_115' title='bbox 478 1998 533 2056; x_wconf 91' lang='lat' dir='ltr'>aut</span> <span class='ocrx_word' id='word_1_116' title='bbox 561 1991 710 2071; x_wconf 89' lang='lat' dir='ltr'>eorporis</span> <span class='ocrx_word' id='word_1_117' title='bbox 733 1989 919 2072; x_wconf 88' lang='lat' dir='ltr'>infirmitas,</span> <span class='ocrx_word' id='word_1_118' title='bbox 949 2006 1006 2071; x_wconf 91' lang='lat' dir='ltr'>per</span> <span class='ocrx_word' id='word_1_119' title='bbox 1035 1989 1075 2054; x_wconf 84' lang='lat'>38</span> <span class='ocrx_word' id='word_1_120' title='bbox 1104 2005 1207 2054; x_wconf 90' lang='lat' dir='ltr'>annos</span> <span class='ocrx_word' id='word_1_121' title='bbox 1236 1986 1376 2070; x_wconf 88' lang='lat' dir='ltr'>singulis</span> 
     </span>
     <span class='ocr_line' id='line_1_17' title="bbox 288 2086 1376 2169; baseline 0 -19"><span class='ocrx_word' id='word_1_122' title='bbox 288 2086 402 2152; x_wconf 90' lang='lat' dir='ltr'>diebus</span> <span class='ocrx_word' id='word_1_123' title='bbox 413 2087 586 2153; x_wconf 88' lang='lat' dir='ltr'>dominicis</span> <span class='ocrx_word' id='word_1_124' title='bbox 601 2097 633 2154; x_wconf 94' lang='lat' dir='ltr'>et</span> <span class='ocrx_word' id='word_1_125' title='bbox 647 2088 772 2154; x_wconf 84' lang='lat' dir='ltr'>festivis</span> <span class='ocrx_word' id='word_1_126' title='bbox 785 2088 981 2169; x_wconf 87' lang='lat' dir='ltr'>praedicavit</span> <span class='ocrx_word' id='word_1_127' title='bbox 991 2087 1126 2154; x_wconf 90' lang='lat' dir='ltr'>verbum</span> <span class='ocrx_word' id='word_1_128' title='bbox 1138 2087 1206 2152; x_wconf 86' lang='lat' dir='ltr'>bei.</span> <span class='ocrx_word' id='word_1_129' title='bbox 1222 2088 1281 2150; x_wconf 79' lang='lat' dir='ltr'>Ast</span> <span class='ocrx_word' id='word_1_130' title='bbox 1296 2102 1376 2167; x_wconf 82' lang='lat' dir='ltr'>quo·</span> 
     </span>
     <span class='ocr_line' id='line_1_18' title="bbox 285 2182 1377 2266; baseline 0 -18"><span class='ocrx_word' id='word_1_131' title='bbox 285 2184 382 2249; x_wconf 91' lang='lat' dir='ltr'>modo</span> <span class='ocrx_word' id='word_1_132' title='bbox 398 2185 611 2266; x_wconf 76' lang='lat' dir='ltr'>praedicavit?</span> <span class='ocrx_word' id='word_1_133' title='bbox 625 2185 845 2250; x_wconf 86' lang='lat' dir='ltr'>Temerarium</span> <span class='ocrx_word' id='word_1_134' title='bbox 860 2185 943 2251; x_wconf 82' lang='lat' dir='ltr'>toret</span> <span class='ocrx_word' id='word_1_135' title='bbox 958 2185 999 2251; x_wconf 93' lang='lat' dir='ltr'>de</span> <span class='ocrx_word' id='word_1_136' title='bbox 1013 2194 1200 2250; x_wconf 90' lang='lat' dir='ltr'>sanctorum</span> <span class='ocrx_word' id='word_1_137' title='bbox 1215 2182 1377 2249; x_wconf 89' lang='lat' dir='ltr'>ecclesiae</span> 
     </span>
     <span class='ocr_line' id='line_1_19' title="bbox 286 2281 1376 2367; baseline -0.001 -21"><span class='ocrx_word' id='word_1_138' title='bbox 286 2289 412 2366; x_wconf 89' lang='lat' dir='ltr'>patrum</span> <span class='ocrx_word' id='word_1_139' title='bbox 425 2282 605 2364; x_wconf 88' lang='lat' dir='ltr'>justissima</span> <span class='ocrx_word' id='word_1_140' title='bbox 617 2282 824 2349; x_wconf 88' lang='lat' dir='ltr'>veneratione</span> <span class='ocrx_word' id='word_1_141' title='bbox 835 2284 885 2350; x_wconf 89' lang='lat' dir='ltr'>vel</span> <span class='ocrx_word' id='word_1_142' title='bbox 899 2283 1065 2367; x_wconf 81' lang='lat' dir='ltr'>minimum</span> <span class='ocrx_word' id='word_1_143' title='bbox 1078 2283 1254 2363; x_wconf 88' lang='lat' dir='ltr'>decerpere</span> <span class='ocrx_word' id='word_1_144' title='bbox 1270 2281 1376 2346; x_wconf 91' lang='lat' dir='ltr'>laudis</span> 
     </span>
     <span class='ocr_line' id='line_1_20' title="bbox 285 2376 1375 2463; baseline 0.001 -20"><span class='ocrx_word' id='word_1_145' title='bbox 285 2379 319 2445; x_wconf 93' lang='lat' dir='ltr'>in</span> <span class='ocrx_word' id='word_1_146' title='bbox 335 2379 461 2445; x_wconf 90' lang='lat' dir='ltr'>laudern</span> <span class='ocrx_word' id='word_1_147' title='bbox 485 2379 664 2446; x_wconf 88' lang='lat' dir='ltr'>sacerdotis</span> <span class='ocrx_word' id='word_1_148' title='bbox 686 2376 804 2462; x_wconf 87' lang='lat' dir='ltr'>magni,</span> <span class='ocrx_word' id='word_1_149' title='bbox 822 2381 875 2463; x_wconf 85' lang='lat' dir='ltr'>qui</span> <span class='ocrx_word' id='word_1_150' title='bbox 900 2381 1005 2446; x_wconf 85' lang='lat' dir='ltr'>iocata</span> <span class='ocrx_word' id='word_1_151' title='bbox 1027 2396 1092 2446; x_wconf 94' lang='lat' dir='ltr'>non</span> <span class='ocrx_word' id='word_1_152' title='bbox 1114 2379 1236 2460; x_wconf 86' lang='lat' dir='ltr'>indiget</span> <span class='ocrx_word' id='word_1_153' title='bbox 1259 2378 1375 2456; x_wconf 89' lang='lat' dir='ltr'>laude;</span> 
     </span>
     <span class='ocr_line' id='line_1_21' title="bbox 287 2466 1377 2570; baseline -0.004 -27"><span class='ocrx_word' id='word_1_154' title='bbox 287 2477 346 2543; x_wconf 92' lang='lat' dir='ltr'>sed</span> <span class='ocrx_word' id='word_1_155' title='bbox 360 2477 439 2543; x_wconf 91' lang='lat' dir='ltr'>illud</span> <span class='ocrx_word' id='word_1_156' title='bbox 453 2478 524 2543; x_wconf 89' lang='lat' dir='ltr'>sine</span> <span class='ocrx_word' id='word_1_157' title='bbox 535 2477 609 2544; x_wconf 84' lang='lat' dir='ltr'>tuoe</span> <span class='ocrx_word' id='word_1_158' title='bbox 621 2477 730 2544; x_wconf 90' lang='lat' dir='ltr'>dicere</span> <span class='ocrx_word' id='word_1_159' title='bbox 741 2478 857 2570; x_wconf 89' lang='lat' dir='ltr'>ausim,</span> <span class='ocrx_word' id='word_1_160' title='bbox 872 2478 947 2545; x_wconf 90' lang='lat' dir='ltr'>dum</span> <span class='ocrx_word' id='word_1_161' title='bbox 959 2496 979 2544; x_wconf 93' lang='lat' dir='ltr'>e</span> <span class='ocrx_word' id='word_1_162' title='bbox 989 2466 1141 2544; x_wconf 87' lang='lat' dir='ltr'>cathedra</span> <span class='ocrx_word' id='word_1_163' title='bbox 1153 2471 1377 2542; x_wconf 88' lang='lat' dir='ltr'>sermocinan-</span> 
     </span>
     <span class='ocr_line' id='line_1_22' title="bbox 286 2573 1377 2658; baseline -0.002 -18"><span class='ocrx_word' id='word_1_164' title='bbox 286 2582 352 2640; x_wconf 89' lang='lat' dir='ltr'>tem</span> <span class='ocrx_word' id='word_1_165' title='bbox 372 2574 524 2650; x_wconf 86' lang='lat' dir='ltr'>vidisses,</span> <span class='ocrx_word' id='word_1_166' title='bbox 548 2583 581 2642; x_wconf 91' lang='lat' dir='ltr'>te</span> <span class='ocrx_word' id='word_1_167' title='bbox 603 2591 667 2641; x_wconf 92' lang='lat' dir='ltr'>non</span> <span class='ocrx_word' id='word_1_168' title='bbox 691 2574 870 2643; x_wconf 86' lang='lat' dir='ltr'>absimilem</span> <span class='ocrx_word' id='word_1_169' title='bbox 893 2575 1136 2658; x_wconf 81' lang='lat' dir='ltr'>chrysostomo,</span> <span class='ocrx_word' id='word_1_170' title='bbox 1159 2574 1214 2656; x_wconf 89' lang='lat' dir='ltr'>qui</span> <span class='ocrx_word' id='word_1_171' title='bbox 1236 2573 1267 2638; x_wconf 91' lang='lat' dir='ltr'>ei</span> <span class='ocrx_word' id='word_1_172' title='bbox 1289 2573 1377 2640; x_wconf 85' lang='lat' dir='ltr'>inter</span> 
     </span>
     <span class='ocr_line' id='line_1_23' title="bbox 286 2670 1373 2751; baseline 0.003 -16"><span class='ocrx_word' id='word_1_173' title='bbox 286 2670 461 2738; x_wconf 90' lang='lat' dir='ltr'>dicendum</span> <span class='ocrx_word' id='word_1_174' title='bbox 477 2672 642 2739; x_wconf 78' lang='lat' dir='ltr'>familiaris</span> <span class='ocrx_word' id='word_1_175' title='bbox 657 2680 736 2751; x_wconf 89' lang='lat' dir='ltr'>erat,</span> <span class='ocrx_word' id='word_1_176' title='bbox 752 2691 817 2739; x_wconf 92' lang='lat' dir='ltr'>non</span> <span class='ocrx_word' id='word_1_177' title='bbox 833 2673 1012 2739; x_wconf 89' lang='lat' dir='ltr'>absimilem</span> <span class='ocrx_word' id='word_1_178' title='bbox 1024 2672 1195 2738; x_wconf 78' lang='lat' dir='ltr'>Ambrosio</span> <span class='ocrx_word' id='word_1_179' title='bbox 1211 2678 1265 2737; x_wconf 92' lang='lat' dir='ltr'>aut</span> <span class='ocrx_word' id='word_1_180' title='bbox 1280 2687 1373 2738; x_wconf 88' lang='lat' dir='ltr'>vene·</span> 
     </span>
     <span class='ocr_line' id='line_1_24' title="bbox 285 2768 1373 2853; baseline -0.005 -17"><span class='ocrx_word' id='word_1_181' title='bbox 285 2768 390 2836; x_wconf 85' lang='lat' dir='ltr'>rande</span> <span class='ocrx_word' id='word_1_182' title='bbox 405 2771 544 2851; x_wconf 87' lang='lat' dir='ltr'>quodam</span> <span class='ocrx_word' id='word_1_183' title='bbox 566 2770 762 2853; x_wconf 86' lang='lat' dir='ltr'>antiquitatis</span> <span class='ocrx_word' id='word_1_184' title='bbox 783 2771 877 2852; x_wconf 82' lang='lat' dir='ltr'>patri,</span> <span class='ocrx_word' id='word_1_185' title='bbox 897 2779 1018 2853; x_wconf 89' lang='lat' dir='ltr'>patrem</span> <span class='ocrx_word' id='word_1_186' title='bbox 1039 2769 1180 2836; x_wconf 86' lang='lat' dir='ltr'>dixisses</span> <span class='ocrx_word' id='word_1_187' title='bbox 1196 2769 1373 2836; x_wconf 87' lang='lat' dir='ltr'>audivisse.</span> 
     </span>
     <span class='ocr_line' id='line_1_25' title="bbox 286 2867 1375 2951; baseline 0.003 -21"><span class='ocrx_word' id='word_1_188' title='bbox 286 2867 384 2932; x_wconf 85' lang='lat' dir='ltr'>Tanta</span> <span class='ocrx_word' id='word_1_189' title='bbox 407 2868 558 2951; x_wconf 74' lang='lat' dir='ltr'>maiestas</span> <span class='ocrx_word' id='word_1_190' title='bbox 579 2870 613 2933; x_wconf 92' lang='lat' dir='ltr'>in</span> <span class='ocrx_word' id='word_1_191' title='bbox 634 2869 726 2946; x_wconf 82' lang='lat' dir='ltr'>faeie,</span> <span class='ocrx_word' id='word_1_192' title='bbox 748 2877 836 2934; x_wconf 90' lang='lat' dir='ltr'>tanta</span> <span class='ocrx_word' id='word_1_193' title='bbox 860 2869 893 2933; x_wconf 90' lang='lat' dir='ltr'>in</span> <span class='ocrx_word' id='word_1_194' title='bbox 914 2869 1023 2936; x_wconf 88' lang='lat' dir='ltr'>verbis</span> <span class='ocrx_word' id='word_1_195' title='bbox 1040 2876 1073 2935; x_wconf 89' lang='lat' dir='ltr'>et</span> <span class='ocrx_word' id='word_1_196' title='bbox 1095 2869 1244 2951; x_wconf 89' lang='lat' dir='ltr'>corporis</span> <span class='ocrx_word' id='word_1_197' title='bbox 1266 2867 1375 2933; x_wconf 90' lang='lat' dir='ltr'>habitu</span> 
     </span>
     <span class='ocr_line' id='line_1_26' title="bbox 286 2966 1375 3053; baseline 0 -24"><span class='ocrx_word' id='word_1_198' title='bbox 286 2967 436 3047; x_wconf 87' lang='lat' dir='ltr'>gravitas,</span> <span class='ocrx_word' id='word_1_199' title='bbox 465 2975 552 3033; x_wconf 90' lang='lat' dir='ltr'>tanta</span> <span class='ocrx_word' id='word_1_200' title='bbox 577 2967 610 3031; x_wconf 89' lang='lat' dir='ltr'>in</span> <span class='ocrx_word' id='word_1_201' title='bbox 637 2968 809 3034; x_wconf 89' lang='lat' dir='ltr'>sententiis</span> <span class='ocrx_word' id='word_1_202' title='bbox 834 2967 1048 3042; x_wconf 89' lang='lat' dir='ltr'>concinnitas,</span> <span class='ocrx_word' id='word_1_203' title='bbox 1077 2975 1164 3053; x_wconf 85' lang='lat' dir='ltr'>tanta</span> <span class='ocrx_word' id='word_1_204' title='bbox 1189 2966 1222 3030; x_wconf 94' lang='lat' dir='ltr'>in</span> <span class='ocrx_word' id='word_1_205' title='bbox 1249 2979 1375 3031; x_wconf 91' lang='lat' dir='ltr'>morum</span> 
     </span>
     <span class='ocr_line' id='line_1_27' title="bbox 286 3063 1373 3148; baseline 0 -20"><span class='ocrx_word' id='word_1_206' title='bbox 286 3065 565 3132; x_wconf 87' lang='lat' dir='ltr'>commendatione</span> <span class='ocrx_word' id='word_1_207' title='bbox 584 3067 708 3148; x_wconf 90' lang='lat' dir='ltr'>puritas</span> <span class='ocrx_word' id='word_1_208' title='bbox 737 3067 898 3145; x_wconf 83' lang='lat' dir='ltr'>elucebat!</span> <span class='ocrx_word' id='word_1_209' title='bbox 926 3067 986 3132; x_wconf 81' lang='lat' dir='ltr'>Ast</span> <span class='ocrx_word' id='word_1_210' title='bbox 1014 3065 1091 3147; x_wconf 85' lang='lat' dir='ltr'>quid</span> <span class='ocrx_word' id='word_1_211' title='bbox 1121 3065 1255 3146; x_wconf 89' lang='lat' dir='ltr'>prodest</span> <span class='ocrx_word' id='word_1_212' title='bbox 1283 3063 1373 3130; x_wconf 88' lang='lat' dir='ltr'>verbi</span> 
     </span>
     <span class='ocr_line' id='line_1_28' title="bbox 285 3161 1373 3246; baseline 0 -20"><span class='ocrx_word' id='word_1_213' title='bbox 285 3162 385 3226; x_wconf 90' lang='lat' dir='ltr'>divini</span> <span class='ocrx_word' id='word_1_214' title='bbox 398 3165 604 3243; x_wconf 89' lang='lat' dir='ltr'>praedicatio,</span> <span class='ocrx_word' id='word_1_215' title='bbox 614 3165 676 3230; x_wconf 93' lang='lat' dir='ltr'>nisi</span> <span class='ocrx_word' id='word_1_216' title='bbox 689 3165 759 3246; x_wconf 90' lang='lat' dir='ltr'>ipsa</span> <span class='ocrx_word' id='word_1_217' title='bbox 771 3165 975 3246; x_wconf 83' lang='lat' dir='ltr'>praedicetur</span> <span class='ocrx_word' id='word_1_218' title='bbox 987 3163 1201 3245; x_wconf 89' lang='lat' dir='ltr'>praedicantis</span> <span class='ocrx_word' id='word_1_219' title='bbox 1213 3161 1373 3245; x_wconf 86' lang='lat' dir='ltr'>exemplo!</span> 
     </span>
     <span class='ocr_line' id='line_1_29' title="bbox 280 3259 1374 3345; baseline 0 -21"><span class='ocrx_word' id='word_1_220' title='bbox 280 3259 311 3324; x_wconf 46' lang='grc' dir='ltr'>ι0</span> <span class='ocrx_word' id='word_1_221' title='bbox 336 3277 395 3326; x_wconf 88' lang='lat' dir='ltr'>ros</span> <span class='ocrx_word' id='word_1_222' title='bbox 417 3278 543 3339; x_wconf 91' lang='lat' dir='ltr'>ornnes,</span> <span class='ocrx_word' id='word_1_223' title='bbox 568 3263 622 3345; x_wconf 87' lang='lat' dir='ltr'>qui</span> <span class='ocrx_word' id='word_1_224' title='bbox 645 3264 727 3329; x_wconf 90' lang='lat' dir='ltr'>sorte</span> <span class='ocrx_word' id='word_1_225' title='bbox 751 3263 942 3344; x_wconf 88' lang='lat' dir='ltr'>opinionum·</span> <span class='ocrx_word' id='word_1_226' title='bbox 964 3263 1119 3328; x_wconf 89' lang='lat' dir='ltr'>varietate</span> <span class='ocrx_word' id='word_1_227' title='bbox 1141 3260 1314 3343; x_wconf 88' lang='lat' dir='ltr'>aliquando</span> <span class='ocrx_word' id='word_1_228' title='bbox 1334 3259 1374 3324; x_wconf 92' lang='lat' dir='ltr'>ab</span> 
     </span>
     <span class='ocr_line' id='line_1_30' title="bbox 286 3357 1374 3443; baseline 0.003 -23"><span class='ocrx_word' id='word_1_229' title='bbox 286 3357 358 3438; x_wconf 90' lang='lat' dir='ltr'>ipso</span> <span class='ocrx_word' id='word_1_230' title='bbox 371 3359 584 3434; x_wconf 91' lang='lat' dir='ltr'>dissensistis,</span> <span class='ocrx_word' id='word_1_231' title='bbox 598 3361 701 3427; x_wconf 91' lang='lat' dir='ltr'>redite</span> <span class='ocrx_word' id='word_1_232' title='bbox 714 3362 752 3426; x_wconf 92' lang='lat' dir='ltr'>ad</span> <span class='ocrx_word' id='word_1_233' title='bbox 767 3361 946 3443; x_wconf 85' lang='lat' dir='ltr'>pristinam,</span> <span class='ocrx_word' id='word_1_234' title='bbox 960 3377 1023 3443; x_wconf 89' lang='lat' dir='ltr'>qua</span> <span class='ocrx_word' id='word_1_235' title='bbox 1032 3361 1105 3442; x_wconf 88' lang='lat' dir='ltr'>jure</span> <span class='ocrx_word' id='word_1_236' title='bbox 1117 3361 1233 3426; x_wconf 88' lang='lat' dir='ltr'>merito</span> <span class='ocrx_word' id='word_1_237' title='bbox 1246 3373 1374 3440; x_wconf 91' lang='lat' dir='ltr'>semper</span> 
     </span>
     <span class='ocr_line' id='line_1_31' title="bbox 286 3455 1374 3538; baseline 0.001 -18"><span class='ocrx_word' id='word_1_238' title='bbox 286 3457 434 3537; x_wconf 85' lang='lat' dir='ltr'>gravisus</span> <span class='ocrx_word' id='word_1_239' title='bbox 449 3466 511 3533; x_wconf 88' lang='lat' dir='ltr'>est,</span> <span class='ocrx_word' id='word_1_240' title='bbox 525 3457 650 3523; x_wconf 80' lang='lat' dir='ltr'>tamam</span> <span class='ocrx_word' id='word_1_241' title='bbox 669 3457 796 3524; x_wconf 81' lang='lat' dir='ltr'>cernite</span> <span class='ocrx_word' id='word_1_242' title='bbox 807 3459 977 3523; x_wconf 89' lang='lat' dir='ltr'>nobiscum</span> <span class='ocrx_word' id='word_1_243' title='bbox 989 3458 1097 3523; x_wconf 89' lang='lat' dir='ltr'>animo</span> <span class='ocrx_word' id='word_1_244' title='bbox 1111 3457 1217 3524; x_wconf 90' lang='lat' dir='ltr'>virum</span> <span class='ocrx_word' id='word_1_245' title='bbox 1235 3455 1374 3538; x_wconf 87' lang='lat' dir='ltr'>undique</span> 
     </span>
     <span class='ocr_line' id='line_1_32' title="bbox 285 3553 1375 3637; baseline 0.003 -21"><span class='ocrx_word' id='word_1_246' title='bbox 285 3553 515 3630; x_wconf 89' lang='lat' dir='ltr'>venerabilem,</span> <span class='ocrx_word' id='word_1_247' title='bbox 531 3555 625 3636; x_wconf 78' lang='lat' dir='ltr'>cuius</span> <span class='ocrx_word' id='word_1_248' title='bbox 644 3555 709 3621; x_wconf 88' lang='lat' dir='ltr'>vita</span> <span class='ocrx_word' id='word_1_249' title='bbox 730 3556 770 3621; x_wconf 93' lang='lat' dir='ltr'>ab</span> <span class='ocrx_word' id='word_1_250' title='bbox 792 3555 873 3637; x_wconf 92' lang='lat' dir='ltr'>ipsis</span> <span class='ocrx_word' id='word_1_251' title='bbox 893 3556 1099 3621; x_wconf 90' lang='lat' dir='ltr'>incunabulis</span> <span class='ocrx_word' id='word_1_252' title='bbox 1114 3564 1146 3622; x_wconf 91' lang='lat' dir='ltr'>et</span> <span class='ocrx_word' id='word_1_253' title='bbox 1168 3573 1228 3637; x_wconf 92' lang='lat' dir='ltr'>per</span> <span class='ocrx_word' id='word_1_254' title='bbox 1247 3555 1375 3621; x_wconf 90' lang='lat' dir='ltr'>adoles·</span> 
     </span>
     <span class='ocr_line' id='line_1_33' title="bbox 285 3651 1373 3734; baseline 0.001 -19"><span class='ocrx_word' id='word_1_255' title='bbox 285 3651 438 3728; x_wconf 89' lang='lat' dir='ltr'>centiam,</span> <span class='ocrx_word' id='word_1_256' title='bbox 468 3653 605 3718; x_wconf 89' lang='lat' dir='ltr'>testibus</span> <span class='ocrx_word' id='word_1_257' title='bbox 634 3653 816 3719; x_wconf 90' lang='lat' dir='ltr'>coaetaneis</span> <span class='ocrx_word' id='word_1_258' title='bbox 843 3653 936 3731; x_wconf 89' lang='lat' dir='ltr'>vivis,</span> <span class='ocrx_word' id='word_1_259' title='bbox 965 3669 1093 3734; x_wconf 89' lang='lat' dir='ltr'>semper</span> <span class='ocrx_word' id='word_1_260' title='bbox 1119 3654 1267 3734; x_wconf 90' lang='lat' dir='ltr'>exemplo</span> <span class='ocrx_word' id='word_1_261' title='bbox 1296 3653 1373 3728; x_wconf 85' lang='lat' dir='ltr'>luit;</span> 
     </span>
     <span class='ocr_line' id='line_1_34' title="bbox 287 3746 1375 3834; baseline 0 -22"><span class='ocrx_word' id='word_1_262' title='bbox 287 3746 380 3828; x_wconf 77' lang='lat' dir='ltr'>euius</span> <span class='ocrx_word' id='word_1_263' title='bbox 395 3748 458 3815; x_wconf 90' lang='lat' dir='ltr'>vita</span> <span class='ocrx_word' id='word_1_264' title='bbox 473 3749 506 3813; x_wconf 91' lang='lat' dir='ltr'>in</span> <span class='ocrx_word' id='word_1_265' title='bbox 523 3751 716 3816; x_wconf 88' lang='lat' dir='ltr'>sacerdotali</span> <span class='ocrx_word' id='word_1_266' title='bbox 731 3751 897 3832; x_wconf 89' lang='lat' dir='ltr'>dignitate,</span> <span class='ocrx_word' id='word_1_267' title='bbox 915 3752 948 3816; x_wconf 95' lang='lat' dir='ltr'>in</span> <span class='ocrx_word' id='word_1_268' title='bbox 971 3767 1048 3817; x_wconf 86' lang='lat' dir='ltr'>cura</span> <span class='ocrx_word' id='word_1_269' title='bbox 1068 3752 1233 3834; x_wconf 87' lang='lat' dir='ltr'>pastorali,</span> <span class='ocrx_word' id='word_1_270' title='bbox 1249 3751 1285 3816; x_wconf 92' lang='lat' dir='ltr'>in</span> <span class='ocrx_word' id='word_1_271' title='bbox 1300 3749 1375 3817; x_wconf 91' lang='lat' dir='ltr'>reli·</span> 
     </span>
     <span class='ocr_line' id='line_1_35' title="bbox 288 3844 1379 3930; baseline 0.005 -22"><span class='ocrx_word' id='word_1_272' title='bbox 288 3844 361 3924; x_wconf 86' lang='lat' dir='ltr'>quis</span> <span class='ocrx_word' id='word_1_273' title='bbox 376 3847 562 3914; x_wconf 91' lang='lat' dir='ltr'>muneribus</span> <span class='ocrx_word' id='word_1_274' title='bbox 577 3848 872 3930; x_wconf 89' lang='lat' dir='ltr'>irreprehensibilis</span> <span class='ocrx_word' id='word_1_275' title='bbox 889 3848 1026 3914; x_wconf 80' lang='lat' dir='ltr'>luit&#39;non</span> <span class='ocrx_word' id='word_1_276' title='bbox 1038 3856 1173 3925; x_wconf 90' lang='lat' dir='ltr'>tantum,</span> <span class='ocrx_word' id='word_1_277' title='bbox 1191 3849 1249 3914; x_wconf 91' lang='lat' dir='ltr'>sed</span> <span class='ocrx_word' id='word_1_278' title='bbox 1266 3846 1379 3915; x_wconf 87' lang='lat' dir='ltr'>aedili·</span> 
     </span>
     <span class='ocr_line' id='line_1_36' title="bbox 288 3945 1379 4029; baseline 0.004 -23"><span class='ocrx_word' id='word_1_279' title='bbox 288 3957 368 4006; x_wconf 91' lang='lat' dir='ltr'>cans</span> <span class='ocrx_word' id='word_1_280' title='bbox 389 3951 421 4008; x_wconf 90' lang='lat' dir='ltr'>et</span> <span class='ocrx_word' id='word_1_281' title='bbox 441 3945 604 4022; x_wconf 91' lang='lat' dir='ltr'>eminens;</span> <span class='ocrx_word' id='word_1_282' title='bbox 628 3948 751 4014; x_wconf 89' lang='lat' dir='ltr'>cernite</span> <span class='ocrx_word' id='word_1_283' title='bbox 776 3947 884 4013; x_wconf 91' lang='lat' dir='ltr'>animo</span> <span class='ocrx_word' id='word_1_284' title='bbox 909 3949 1111 4016; x_wconf 88' lang='lat' dir='ltr'>sacerdotem</span> <span class='ocrx_word' id='word_1_285' title='bbox 1135 3964 1300 4029; x_wconf 89' lang='lat' dir='ltr'>magnum,</span> <span class='ocrx_word' id='word_1_286' title='bbox 1324 3945 1379 4029; x_wconf 87' lang='lat' dir='ltr'>qui</span> 
     </span>
    </p>
   </div>
   <div class='ocr_carea' id='block_1_3' title="bbox 287 4037 1380 4220">
    <p class='ocr_par' dir='ltr' id='par_1_4' title="bbox 287 4037 1380 4220">
     <span class='ocr_line' id='line_1_37' title="bbox 287 4037 1380 4131; baseline 0.007 -27"><span class='ocrx_word' id='word_1_287' title='bbox 287 4037 431 4105; x_wconf 85' lang='lat' dir='ltr'>suffulsit</span> <span class='ocrx_word' id='word_1_288' title='bbox 443 4044 573 4108; x_wconf 90' lang='lat' dir='ltr'>domum</span> <span class='ocrx_word' id='word_1_289' title='bbox 588 4045 645 4111; x_wconf 85' lang='lat' dir='ltr'>bei</span> <span class='ocrx_word' id='word_1_290' title='bbox 662 4054 694 4111; x_wconf 92' lang='lat' dir='ltr'>et</span> <span class='ocrx_word' id='word_1_291' title='bbox 709 4046 743 4110; x_wconf 94' lang='lat' dir='ltr'>in</span> <span class='ocrx_word' id='word_1_292' title='bbox 758 4045 875 4112; x_wconf 89' lang='lat' dir='ltr'>diebus</span> <span class='ocrx_word' id='word_1_293' title='bbox 886 4046 957 4112; x_wconf 91' lang='lat' dir='ltr'>suis</span> <span class='ocrx_word' id='word_1_294' title='bbox 969 4047 1193 4115; x_wconf 85' lang='lat' dir='ltr'>corroboravit</span> <span class='ocrx_word' id='word_1_295' title='bbox 1207 4047 1380 4131; x_wconf 90' lang='lat' dir='ltr'>templum,</span> 
     </span>
     <span class='ocr_line' id='line_1_38' title="bbox 287 4140 754 4220; baseline 0.013 -18"><span class='ocrx_word' id='word_1_296' title='bbox 287 4147 473 4220; x_wconf 89' lang='lat' dir='ltr'>vergentem</span> <span class='ocrx_word' id='word_1_297' title='bbox 489 4140 528 4205; x_wconf 91' lang='lat' dir='ltr'>ad</span> <span class='ocrx_word' id='word_1_298' title='bbox 547 4141 643 4209; x_wconf 80' lang='lat' dir='ltr'>tinem</span> <span class='ocrx_word' id='word_1_299' title='bbox 658 4143 754 4210; x_wconf 90' lang='lat' dir='ltr'>vitae.</span> 
     </span>
    </p>
   </div>
   <div class='ocr_carea' id='block_1_4' title="bbox 0 0 1559 4932">
    <p class='ocr_par' dir='ltr' id='par_1_5' title="bbox 0 0 1559 4932">
     <span class='ocr_line' id='line_1_39' title="bbox 0 0 1559 4932; baseline 0 0"><span class='ocrx_word' id='word_1_300' title='bbox 0 0 1559 4932; x_wconf 95' lang='lat' dir='ltr'> </span> 
     </span>
    </p>
   </div>
   <div class='ocr_carea' id='block_1_5' title="bbox 1547 2450 1552 3312">
    <p class='ocr_par' dir='ltr' id='par_1_6' title="bbox 1547 2450 1552 3312">
     <span class='ocr_line' id='line_1_40' title="bbox 1547 2450 1552 3312; baseline 0 0"><span class='ocrx_word' id='word_1_301' title='bbox 1547 2450 1552 3312; x_wconf 95' lang='lat' dir='ltr'> </span> 
     </span>
    </p>
   </div>
  </div>
 </body>
</html>
