3036 4946
756 462 945 526 -aca-
1049 428 1051 433 ’

303 629 542 711 presbyterum,
560 645 672 694 sacrae
688 629 867 710 theologiae
882 627 1126 691 baccalaureum
1142 624 1324 702 formatum,
1338 642 1387 691 ca·
1434 655 1439 667 ·
1514 609 1516 692 f

308 728 457 793 conicum
488 728 631 810 ejusdem
659 728 871 802 cathedralis,
900 734 931 791 et
957 724 1117 808 quondam
1144 724 1271 806 collegii
1298 724 1389 806 hujus

307 826 463 891 Driutiani
480 827 659 892 secundum
675 826 868 907 praesidem,
886 842 957 890 cum
973 827 1035 890 boc
1051 823 1213 905 epitaphio
1237 840 1244 887 :
1269 842 1296 886 o.
1314 841 1342 887 o.
1359 842 1388 886 n.

324 924 330 1008 Ι
349 943 383 988 ar
403 943 474 988 non.
492 943 674 989 aavaaauors
696 944 731 988 ar
754 924 895 988 sracrara
917 940 1073 986 raoarrara
1089 939 1166 984 vrars
1185 939 1219 984 ar
1235 939 1353 985 nonnus
1370 920 1375 1002 Ι

308 1041 467 1087 arrararans
490 1042 634 1088 sanamus
656 1043 685 1087 rrt
708 1042 764 1088 noe
779 1041 919 1086 contacto
935 1039 1114 1086 carantanam
1138 1038 1353 1084 conralraraus
1371 1019 1375 1102 Ι

306 1139 342 1186 nc
357 1139 598 1186 aavananntsstut
615 1123 652 1186 b.
667 1123 787 1186 Ranrcn
803 1122 933 1196 Darurn,
950 1139 1071 1184 saccant
1091 1120 1096 1202 Ι
1115 1137 1301 1183 anncansrun
1317 1137 1388 1182 ants-

230 1287 233 1298 ,
307 1237 372 1284 corr
393 1239 553 1284 aaaorraus
569 1239 617 1283 are
634 1239 721 1284 stunt
736 1237 961 1292 outascanrraus
979 1218 984 1301 Ι
1004 1231 1036 1280 n⁰
1050 1237 1086 1281 ac
1101 1236 1243 1281 nacrsrao
1259 1218 1389 1281 Ranrero

307 1320 443 1393 Dnrurro,
457 1337 651 1396 ransarraao,
665 1321 691 1382 J.
707 1319 741 1382 V.
758 1321 791 1382 b.
812 1318 816 1401 Ι
837 1337 927 1382 antus
943 1335 1099 1381 acetasraa
1112 1335 1168 1380 aaa
1180 1334 1272 1380 annos
1288 1317 1328 1380 49
1343 1335 1391 1380 et-

277 1481 279 1484 .
308 1435 425 1492 ronaco,
457 1436 491 1480 ar
521 1431 713 1482 aatseorarus
732 1419 737 1496 Ι
757 1419 926 1481 Baccansrs
952 1435 1087 1480 maenaa
1108 1416 1147 1479 48
1168 1434 1323 1492 orrrcmtr,
1347 1433 1392 1486 eat

308 1534 504 1580 ocrocanrrno
534 1517 538 1600 Ι
569 1537 661 1581 airon
689 1534 823 1580 nirenta
853 1534 979 1578 bactron
1001 1533 1101 1578 sotvrr
1123 1534 1189 1578 ara.
1215 1532 1280 1578 ocr.
1297 1532 1392 1578 nnc.

309 1631 383 1678 xvnr
403 1613 408 1697 Ι
426 1633 461 1677 ae
477 1623 508 1678 n⁰
522 1633 558 1678 nc
574 1627 645 1678 nac⁰
660 1616 769 1679 chono
785 1615 921 1688 Daturro,
936 1632 1131 1690 raasarrnao,
1149 1613 1181 1676 S.
1198 1613 1255 1676 Ta.
1269 1614 1304 1676 Β.
1319 1613 1353 1677 F.
1372 1612 1378 1694 Ι

309 1731 399 1777 antus
411 1731 497 1800 arran
514 1730 955 1788 aectasraaennonrco,ou1ao
971 1730 1147 1776 ranreroanu
1162 1717 1251 1777 v'rran
1270 1715 1276 1788 Ι
1295 1729 1395 1775 conar-

309 1829 415 1876 canvrr
430 1829 478 1874 rra
494 1831 525 1875 rx
541 1829 605 1875 nat.
623 1829 697 1874 toan
715 1829 843 1875 n.n.c.v.
865 1811 870 1894 Ι
890 1810 1124 1887 Qnrescanrraus
1139 1829 1293 1874 aaraannn
1309 1828 1394 1874 sren-

309 1928 366 1972 ran
381 1927 492 1973 tauron
505 1929 687 1977 aaraaeaaa.

351 2106 579 2171 «Venerabilis
595 2115 625 2172 et
648 2107 782 2172 eximius
797 2107 847 2170 vir
863 2107 1011 2171 dominus
1032 2123 1069 2172 ac
1092 2105 1246 2186 magister
1262 2103 1397 2169 Michae'l

310 2204 464 2280 brictius
495 2205 663 2286 utriusque
687 2205 769 2288 juris
792 2207 905 2270 doctor
929 2215 961 2270 et
984 2205 1186 2270 decretorum
1212 2202 1402 2267 ordinarius

311 2303 489 2383 professor,
506 2305 694 2385 collegiatae
709 2305 866 2370 eeclesiae
883 2305 984 2370 saneti
1010 2303 1101 2368 Petri¹
1117 2301 1328 2368 lovaniensis
1344 2301 1400 2366 de-

309 2417 420 2476 canus,
438 2418 497 2482 pro
514 2390 668 2468 studiosis
691 2403 724 2466 in
741 2405 875 2479 artibus,
893 2419 984 2468 sacra
1000 2402 1161 2484 theologia
1188 2410 1218 2466 et
1237 2401 1399 2482 jurispru-

310 2499 430 2575 dentia,
454 2501 584 2564 domum
601 2518 703 2577 suam,
729 2519 823 2583 quam
844 2502 981 2566 habebat
1004 2517 1104 2582 prope
1123 2500 1278 2580 templum
1295 2499 1400 2564 sancti

310 2597 406 2674 Petri,
424 2598 524 2663 erexit
542 2600 573 2661 in
590 2599 772 2681 collegium,
790 2601 888 2664 certis
903 2599 997 2664 bonis
1014 2600 1059 2663 iili
1075 2599 1249 2674 attributis,
1276 2616 1316 2662 ex
1331 2597 1400 2678 qui·
1451 2620 1452 2630 ¹

310 2689 372 2760 bus
391 2697 579 2776 praesidens
595 2708 638 2776 et,
656 2699 725 2763 sine
740 2706 830 2764 certo
846 2699 1016 2780 praefinito
1030 2715 1176 2774 numero,
1195 2704 1241 2763 tot
1257 2696 1399 2762 studiosi

311 2793 405 2875 plene
421 2795 593 2872 alerentur,
621 2806 696 2878 quot
714 2797 810 2861 antini
833 2792 1056 2877 reditus'lerre
1072 2805 1217 2878 possent.

356 2915 369 2952 r
385 2892 481 2974 Cujus
497 2895 623 2976 collegii
636 2911 745 2960 curam
759 2895 954 2979 ulteriorem,
965 2895 1222 2977 procurationem
1237 2901 1270 2958 et
1285 2893 1400 2974 ampli-

312 2991 504 3069 ficationem,
523 2994 554 3056 in
582 3012 676 3058 saum
702 2995 913 3076 patrocinium
938 2995 1083 3075 suscepit
1106 2991 1401 3058 reverendissimus

244 3089 247 3094 ’
312 3091 462 3156 dominus
479 3093 642 3174 Remigius
666 3094 820 3172 brintias,
839 3094 1010 3175 episcopus
1033 3092 1219 3174 Brugensis,
1238 3090 1332 3172 cujus
1349 3106 1402 3153 ar-

313 3189 407 3256 bitrio
423 3200 453 3256 et
469 3208 565 3258 curae
592 3194 686 3258 etiam
712 3193 911 3258 Universitas
935 3193 1053 3256 dictum
1075 3191 1245 3271 collegium
1262 3189 1404 3255 libenter

313 3287 479 3369 permittit.
518 3289 576 3366 Qui
610 3292 832 3368 nibilominus,
869 3291 1057 3354 durantibus
1094 3290 1165 3354 istis
1201 3288 1403 3358 calamitosis

312 3388 526 3468 temporibus,
544 3391 606 3454 boc
622 3392 804 3472 procuravit
816 3391 855 3454 ad
871 3389 1088 3454 aedificiorum
1107 3388 1402 3472 conservationem,

314 3494 348 3551 ut
373 3487 406 3550 in
431 3488 493 3552 boc
515 3489 650 3570 collegio
678 3490 831 3554 continuo
854 3489 948 3553 luerit
975 3488 1163 3568 praesidens
1190 3487 1342 3552 dontinus
1373 3497 1405 3552 et

314 3585 467 3666 magister
483 3586 620 3652 lacobus
635 3583 778 3652 brictius
805 3605 878 3652 cam
906 3604 968 3652 uno
996 3587 1156 3662 bursario,
1185 3586 1312 3650 duobus
1327 3585 1405 3650 aliis

312 3681 469 3748 burseriis
485 3684 517 3748 in
535 3685 748 3750 Universitate
765 3685 924 3750 Duacensi
942 3685 1049 3766 aliquo
1073 3694 1216 3766 temporc
1241 3683 1403 3748 educatis.

359 3782 488 3863 »Hujus
518 3801 645 3864 quoque
672 3784 800 3865 collegii
818 3783 971 3864 assignati
992 3782 1115 3848 reditus
1145 3797 1243 3863 supcr
1272 3781 1406 3862 oppidis

315 3879 524 3957 Lovaniensi,
541 3883 786 3962 Antverpiensi,
808 3881 1030 3947 Mecbliniensi
1049 3891 1080 3946 et
1096 3881 1188 3946 bonis
1206 3881 1406 3946 marchionis

315 3977 519 4058 Bergbensis,
536 3997 574 4044 ac
595 3981 665 4044 aliis
692 3981 825 4062 privatis
843 3980 1005 4061 personis,
1025 3997 1083 4061 pro
1099 3981 1174 4045 totis
1194 3979 1244 4043 bis
1264 3979 1407 4044 turbidis

315 4077 408 4142 annis
424 4079 557 4145 insoluti
575 4088 715 4144 manent.
729 4103 742 4140 r

355 4179 495 4258 (Ectrcit
508 4180 550 4242 du
566 4186 691 4260 rapport
706 4198 760 4243 aar
774 4179 854 4243 t'etat
870 4180 921 4242 der
936 4180 1061 4260 colldpeo
1083 4180 1121 4242 dc
1144 4177 1341 4243 l’Unt'oersitd
1367 4178 1406 4242 de

307 4276 454 4341 dococta
470 4297 508 4342 en
524 4277 630 4357 1589).
