3274 4942
633 447 818 511 -203-

210 613 352 677 calaureus
368 623 418 680 est
434 613 466 675 in
491 613 641 695 collegio,
660 613 716 677 sed
743 613 795 694 qui
819 603 970 695 majorem
995 625 1115 694 partem
1139 633 1270 681 suarum

210 728 395 791 expensarum
421 711 534 788 soluit;
559 712 600 775 ita
623 712 708 794 quod
732 711 896 791 praedicto
917 720 1061 793 tempore
1083 725 1115 778 et
1137 733 1223 780 nunc
1237 716 1269 780 in

209 811 344 890 praesenti
361 811 467 875 dietus
483 811 672 892 praesidens
687 828 747 876 suo
770 819 898 892 sumptu
921 812 953 874 in
969 812 1106 895 collegio
1121 815 1271 880 familiam

208 911 264 983 alat,
287 909 364 972 nihil
388 927 427 974 cx
449 909 576 990 collegii
601 910 696 974 bonis
721 917 912 991 recepturus
931 928 1025 992 quarn
1049 914 1133 994 quod
1149 916 1275 994 ratione

207 1009 304 1073 bursae
319 1017 350 1072 et
366 1009 542 1090 supratacti
560 1009 711 1090 stipendii
727 1009 773 1072 illi
789 1011 953 1090 competit.

236 1107 276 1171 Ex
289 1107 337 1172 sic
351 1107 573 1172 administrata
585 1107 662 1172 dicti
674 1107 802 1189 collegii
816 1108 1031 1188 praesidentia
1046 1110 1079 1174 in
1094 1112 1275 1180 rationibus

206 1205 321 1272 redditis
343 1206 376 1269 in
400 1205 482 1271 sesto
498 1205 601 1271 sancti
623 1206 755 1271 ioannis
779 1207 955 1273 novissime
971 1211 1143 1290 praeterito
1159 1212 1275 1296 depre-

207 1305 323 1369 hensum
339 1311 389 1368 est
405 1303 525 1369 dictum
541 1303 706 1369 dominum
724 1304 911 1386 magistrum
928 1315 1074 1372 nostrum
1097 1311 1140 1375 du
1155 1312 1220 1392 Bay
1235 1313 1276 1380 de

207 1419 253 1468 suo
267 1418 476 1484 praerogasse
491 1403 542 1468 bis
559 1403 646 1469 mille
661 1411 824 1469 trecentos
840 1407 1070 1485 septemdecim
1085 1409 1229 1476 florenos
1244 1421 1277 1477 et

207 1502 311 1584 aliquot
325 1502 479 1579 stuferos,
495 1502 549 1583 qui
565 1519 604 1567 ex
618 1501 776 1567 reditibus
792 1503 918 1586 collegii
935 1505 965 1570 ei
981 1515 1056 1572 sunt
1071 1508 1274 1579 restituendi.

208 1601 237 1665 ttt
249 1601 297 1682 qui
312 1599 510 1666 norissimus
526 1599 603 1664 dicti
623 1600 750 1682 collegii
773 1601 832 1666 suit
847 1610 1006 1682 receptor,
1025 1607 1204 1673 rationibus
1220 1627 1279 1691 per

208 1717 267 1764 eum
287 1699 456 1784 superiore
482 1716 594 1764 mense
616 1700 791 1780 septembri
813 1701 959 1779 redditis,
983 1703 1205 1784 deprehensus
1227 1718 1277 1774 est
1339 1689 1369 1728 ³

209 1799 274 1864 ultra
288 1805 418 1878 accepta
434 1797 624 1878 exposuisse
639 1815 797 1862 summam
820 1806 1037 1867 trecentorum
1058 1803 1187 1885 triginta
1203 1815 1279 1872 octo

209 1898 401 1964 florenorum.
1133 1957 1138 1968 .

241 1997 333 2062 Habet
356 1997 420 2061 hoc
442 1994 613 2076 collegium
637 1995 717 2059 duas
733 1995 826 2060 villas
848 1998 1079 2074 secedentes,
1098 2002 1280 2067 alteramin

212 2097 358 2170 berthem,
375 2094 508 2158 alteram
523 2095 556 2156 in
571 2094 741 2169 Kerchom,
759 2111 851 2176 quae,
871 2097 1126 2177 profugientibus
1141 2101 1280 2176 colonis,

210 2203 266 2260 toto
288 2195 349 2259 boc
370 2193 501 2258 turbido
517 2205 662 2274 ternpore
677 2194 824 2259 desertae
838 2202 871 2260 et
891 2195 1030 2261 incultae
1049 2197 1229 2278 jacuerunt,
1248 2211 1283 2266 ut

211 2292 275 2358 inde
289 2293 367 2356 nihil
384 2292 507 2373 percipi
522 2293 673 2372 potuerit,
693 2301 726 2357 ut
741 2309 800 2357 nec
816 2293 918 2374 potuit
933 2311 971 2358 ex
986 2295 1059 2360 aliis
1074 2297 1281 2378 quibuscum-

213 2390 631 2472 pmmfflmmm

213 2508 216 2516 ·
244 2490 286 2554 hd
301 2507 435 2572 quarum
451 2490 685 2571 reparationem
701 2499 732 2555 et
747 2490 967 2556 reductionem
984 2493 1023 2555 ad
1039 2493 1196 2558 culturam
1213 2496 1284 2561 dic-

213 2600 257 2653 tus
270 2590 418 2656 dominus
434 2589 623 2667 praesidens
637 2589 804 2654 intendere
820 2589 936 2670 coepit,
950 2593 1145 2670 comparatis
1158 2595 1288 2676 utrique

211 2689 314 2754 colono
329 2687 423 2770 equis
444 2697 475 2752 et
490 2687 609 2762 vaccis,
627 2687 869 2752 subministrata
893 2687 992 2780 etiam
1005 2690 1140 2771 pecunia
1162 2692 1201 2756 ad
1217 2693 1287 2757 dic-

212 2796 265 2850 tam
286 2787 457 2862 culturam,
474 2786 531 2850 sed
554 2785 659 2849 adhuc
681 2783 752 2851 siae
778 2786 897 2862 fructu,
913 2787 1006 2868 equis
1028 2789 1239 2857 morientibus
1255 2801 1290 2858 et

213 2884 296 2950 dictis
310 2885 436 2950 colonis
452 2901 510 2966 per
524 2883 780 2950 contributiones
804 2893 835 2950 et
857 2885 1012 2952 militares
1028 2887 1198 2956 discursas
1213 2907 1289 2972 gra-

214 2983 286 3049 viter
299 2984 456 3072 oneratis.

250 3083 324 3148 ilicti
338 3081 466 3164 collegii
482 3079 626 3146 aedilicia
641 3098 679 3146 ex
703 3082 942 3163 perseverantia
964 3083 1041 3148 dicti
1058 3085 1176 3150 domini
1194 3102 1288 3168 prae-

216 3180 285 3246 sidis
299 3183 331 3245 in
354 3181 410 3246 illo
432 3189 464 3245 et
480 3195 593 3262 magna
609 3179 697 3244 illius
713 3179 876 3262 diligentia
893 3181 924 3244 in
947 3181 1033 3246 bono
1056 3190 1138 3248 statu
1155 3193 1187 3250 et
1207 3185 1290 3250 inte·

214 3279 315 3358 gritate
327 3289 453 3346 servata
466 3285 554 3354 sunt,
569 3277 715 3360 quamvis
730 3277 763 3341 in
781 3279 907 3344 rnilitari
922 3281 1084 3360 praesidio
1100 3283 1291 3364 gravissima

215 3377 420 3459 hospitatione
437 3393 500 3442 non
523 3383 646 3442 tantum
669 3377 891 3458 gregariorum
914 3387 946 3443 et
967 3379 1146 3461 vulgarium
1163 3382 1293 3463 (quibus

217 3475 300 3540 etiam
320 3487 351 3542 et
373 3492 487 3541 eornm
504 3475 659 3540 uxoribus
682 3492 740 3540 seu
764 3475 954 3540 concubinis
976 3495 1036 3558 pro
1052 3479 1187 3544 maxima
1202 3491 1295 3562 parte

217 3575 311 3640 annia
327 3574 511 3640 necessaria
528 3573 774 3640 subministrare
790 3573 909 3654 debuit)
925 3593 1037 3641 verum
1061 3577 1157 3642 etlam
1174 3579 1293 3658 primo-

218 3688 279 3736 rum
294 3675 545 3755 capitaneorum.

252 3771 295 3836 lix
309 3772 359 3836 his
375 3772 469 3836 facite
484 3770 618 3852 intelligi
636 3779 742 3852 potest
758 3772 834 3838 dieti
857 3773 985 3856 collegii
1007 3792 1162 3856 praesens
1178 3784 1295 3854 status,

218 3876 245 3932 ot
260 3871 406 3952 perspici,
424 3887 506 3953 quae
528 3869 570 3934 sit
592 3886 669 3952 spes
692 3871 780 3936 itlius
801 3872 908 3954 aliquo
931 3875 1026 3940 modo
1049 3877 1186 3943 ulterius
1201 3879 1296 3944 resti·

218 3970 335 4046 tuendi;
352 3986 434 4051 quae
457 3985 535 4033 sane
559 3967 663 4032 rniaor
685 3979 735 4034 est
758 3987 797 4035 ex
819 3989 868 4044 eo,
888 3973 974 4054 quod
997 3975 1083 4040 nulla
1107 3975 1149 4040 sit
1170 3977 1297 4044 velerit

219 4067 410 4148 recuperatio
440 4067 577 4150 aiicujus
606 4069 814 4135 emolumenti
844 4088 883 4136 ex
911 4072 994 4137 villis
1022 4082 1054 4138 et
1083 4075 1190 4140 fundis
1219 4076 1296 4142 dieti

220 4165 337 4250 collegii
353 4185 411 4251 pro
423 4169 596 4250 praeterito
613 4177 768 4249 ternpore,
786 4177 817 4236 et
834 4187 893 4252 pro
908 4171 1028 4248 saturo,
1044 4173 1120 4255 quid
1137 4174 1212 4240 inde
1226 4192 1299 4257 spe-
