3014 4946
596 485 780 550 -aar-
878 442 879 451 Ν

183 767 262 831 Noto
276 763 541 846 complementum
552 779 631 845 pour
644 759 790 826 ilistoirc
805 759 846 822 du
861 757 969 838 rolttpr
984 756 1021 819 de
1039 755 1177 836 Brucprl.

180 927 284 1028 npres
306 946 336 1009 la
359 943 570 1026 suppression
585 890 634 1007 do
656 929 859 1006 l'llniversitd
881 955 921 1004 en
947 935 1038 1011 1797,
1056 935 1086 1000 le
1102 933 1246 1020 college¹¹

141 1047 180 1112 dc
195 1045 332 1127 Bruegel
348 1044 394 1108 lut
413 1043 519 1109 rendu
542 1049 574 1109 et
597 1039 790 1107 transforme'
811 1056 851 1106 en
874 1036 1069 1102 habitations
1086 1031 1225 1116 privdes.

586 1256 782 1268 -—-——-

588 1495 781 1542 APPENDICES.

658 1665 706 1682 m

424 1969 594 2072 restaurent
614 2002 652 2066 de
672 2003 780 2066 Picrrc
800 1999 943 2081 Bruepel.

581 2153 615 2207 15
631 2151 683 2207 mui
698 2149 781 2209 1577.

178 2279 216 2349 ln
246 2277 376 2344 nomine
402 2276 540 2354 llomini,
567 2293 671 2342 amen.
698 2275 760 2341 Per
788 2276 851 2342 hoc
880 2291 1039 2357 praesens
1062 2270 1225 2354 publicum

138 2379 386 2446 instrumentum
408 2375 533 2442 cunctis
559 2382 664 2458 pateat
690 2373 856 2440 evidenter
875 2383 907 2439 et
930 2374 972 2438 sit
994 2381 1115 2448 nutum,
1140 2371 1224 2456 qnod

137 2492 222 2542 anno
252 2475 379 2542 Domini
394 2474 574 2538 'millesimo
600 2473 858 2556 quingentesimo
885 2471 1123 2556 septuagesimo
1153 2483 1226 2550 sep-

136 2576 227 2649 timo,
246 2573 422 2638 indictione
438 2571 559 2654 quinta,
576 2571 698 2636 mensis
715 2569 788 2652 maji
806 2571 996 2636 diedecima
1012 2571 1131 2652 quinta,
1146 2571 1228 2652 pon*

136 2672 280 2742 titinnius
296 2671 489 2736 sanctissimi
507 2671 539 2734 in
555 2669 683 2736 Christo
698 2671 799 2752 patris
812 2679 844 2734 et
856 2669 976 2734 domini
990 2669 1091 2734 nostri
1105 2669 1225 2733 domini

137 2769 283 2860 Gregorii
307 2769 414 2834 divina
444 2768 646 2834 Providentia
672 2785 774 2852 papae
800 2768 915 2833 decimi
943 2768 1026 2832 tertii
1054 2784 1138 2832 anno
1164 2784 1227 2833 suo

137 2872 264 2958 quinto,
281 2869 314 2932 in
330 2869 391 2934 mei
407 2860 522 2932 notarii
544 2867 662 2948 publici
685 2876 716 2932 et
738 2869 869 2932 testium
892 2867 1169 2947 infrascriptorum
1185 2867 1224 2930 ad
1321 2893 1323 2902 v

136 2972 201 3037 hoc
215 2977 403 3036 vocaturum
419 2967 599 3048 praesentia
615 2968 828 3050 personaliter
850 2967 1046 3032 constitutus
1061 2968 1225 3038 honoran-

135 3071 198 3146 dus
224 3068 275 3133 vir
304 3068 453 3132 dominus
479 3074 510 3131 et
535 3067 689 3150 magister
714 3065 828 3132 Petrus
853 3065 1033 3147 Brugelius,
1058 3065 1227 3130 Buscodu-

136 3167 260 3243 censis,
277 3167 309 3230 in
326 3164 493 3230 medicinis
508 3164 622 3230 doctor
635 3175 667 3230 et
682 3166 848 3248 professor
863 3167 972 3248 regins
996 3165 1028 3228 in
1051 3159 1133 3229 ¹alma
1148 3165 1226 3228 Uni·

135 3267 292 3340 versitate
308 3263 510 3340 lovaniensi,
528 3264 561 3328 in
583 3264 668 3329 lecto
690 3281 768 3330 suae
784 3265 993 3348 aegritudinis
1013 3264 1224 3341 decumbens

51 3435 55 3443 ,
128 3352 295 3438 ‘sensuum
316 3371 421 3449 tamen
445 3379 579 3427 suorum
608 3372 671 3426 lam
697 3363 886 3428 interiorum
912 3381 1005 3446 qnam
1029 3363 1223 3428 exteriorum

136 3465 221 3528 hene
243 3477 377 3542 compos
399 3461 553 3536 existens,
577 3477 687 3526 secum
709 3463 912 3544 perpendens
935 3465 1092 3527 humanae
1113 3460 1226 3527 condi-

135 3562 237 3629 tionis
252 3561 467 3651 lragilitatem,
481 3561 625 3647 nihilque
640 3578 714 3630 esse
736 3571 838 3628 morte
854 3563 975 3628 certius
991 3579 1029 3628 ac
1051 3563 1131 3626 hora
1154 3559 1225 3642 eius

63 3727 65 3731 Α
134 3661 316 3738 incertius,
349 3676 471 3726 memor
501 3661 641 3729 existens
670 3661 758 3726 verbi
796 3663 918 3726 Domini
948 3679 1006 3746 per
1034 3661 1222 3744 prophetam

94 3834 98 3841 ,
134 3760 237 3826 locuti
261 3781 268 3823 ι
296 3762 427 3842 dispone
447 3761 552 3824 domui
573 3765 654 3838 tuuc,
670 3763 744 3843 putu
764 3763 905 3826 morieris
925 3769 955 3826 et
976 3779 1036 3826 non
1058 3763 1157 3836 uiues;
1183 3775 1224 3822 ne

134 3859 237 3942 igitur
251 3859 414 3940 inopinata
440 3875 540 3938 mors,
558 3874 640 3942 quae
662 3860 780 3926 nemini
801 3861 914 3946 parcit,
941 3878 1014 3926 eum
1038 3860 1223 3925 intestatum

134 3968 170 4024 et
185 3958 395 4039 improvisum
419 3953 564 4028 e'medio
587 3957 699 4040 rapiat,
723 3960 871 4042 primitus
894 3961 1075 4028 revocando
1099 3967 1131 4026 et
1152 3958 1226 4022 irri-

135 4056 236 4128 undo
256 4055 364 4122 omnia
385 4065 416 4122 et
437 4055 563 4138 singula
586 4064 774 4124 testamenta
790 4059 945 4123 hactenus
966 4075 1025 4140 per
1046 4076 1118 4125 eum
1142 4074 1223 4140 quo·⁵
1255 4053 1257 4057 ’

134 4155 312 4225 modolibet
327 4155 468 4234 condita,
481 4155 632 4222 omnibus
647 4156 710 4234 viu,
729 4157 835 4233 modu,
850 4156 935 4238 jure,
949 4173 1045 4222 causa
1061 4167 1092 4224 et
1107 4159 1222 4240 forma,
