3014 4946
643 467 686 480 -·
706 433 763 498 tlt
787 467 834 484 υ·

184 603 288 678 prout
299 595 430 663 illorum
441 597 561 678 emptio
574 613 688 664 secura
700 605 731 664 et
742 598 824 664 bene
835 597 989 663 collocata
1001 593 1138 660 inveniri
1151 593 1278 676 poterit.

125 695 129 704 '
184 692 1280 780 Exquibusreditibusvultdictisquatuorbursariis‚hocesteoruut

187 792 342 874 singulis,
352 809 410 874 per
419 793 540 860 dictum
553 795 747 875 praesidem,
757 795 811 877 qui
826 794 1083 876 recipiendorum
1097 791 1280 872 huiusmodi

187 889 355 956 redituum
384 907 467 958 onus
496 891 644 968 habebit,
673 893 810 975 singulis
839 893 933 958 annis
961 890 1122 957 numerari
1152 889 1280 972 triginta

188 987 347 1066 florenos,
364 997 396 1055 et
410 990 552 1071 praesidi
567 992 731 1074 sexaginta
752 1001 820 1058 tres
836 991 979 1058 florenos
991 989 1088 1072 adjici
1108 1005 1167 1071 pro
1183 987 1280 1054 admi·

189 1087 302 1153 uiculo
321 1105 381 1155 suo
404 1097 435 1154 et
458 1105 551 1154 uuam
574 1090 720 1154 ancillam
741 1090 959 1156 intertinendo
981 1089 1043 1156 sub
1064 1104 1163 1154 onere
1184 1086 1280 1154 dictis

188 1185 415 1266 provisoribus
453 1187 599 1254 solvendi
635 1195 780 1269 tempore
815 1188 998 1270 praedictae
1024 1185 1219 1252 visitationis
1247 1179 1281 1254 et

186 1293 362 1367 computus
376 1287 551 1353 auditionis
566 1305 665 1370 supra
680 1279 894 1355 mentionatos
917 1295 985 1356 tres
1000 1288 1161 1364 llorenos;
1178 1285 1279 1368 quod·

188 1399 255 1466 que
270 1384 414 1466 ejusdem
430 1387 589 1468 praesidis
605 1388 720 1477 ancilla
735 1405 794 1454 seu
810 1388 927 1457 lamala
941 1385 1102 1453 tenebitur
1116 1386 1156 1450 ad
1172 1385 1279 1468 iguem

187 1481 337 1564 eiusdem
353 1485 513 1566 praesidis
527 1503 674 1569 coquere¹
684 1486 788 1563 cibus,
805 1504 888 1570 quos
909 1486 1027 1569 singuli
1042 1484 1183 1552 bursarii
1198 1491 1278 1550 tem»

191 1581 327 1663 poribus
339 1583 472 1649 etheris
484 1585 749 1652 convenientibus
761 1585 856 1668 coqui
869 1594 989 1666 petent3
1003 1593 1034 1650 et
1046 1600 1105 1666 pro
1118 1582 1278 1666 lignorum
1369 1574 1371 1579 ’

191 1679 356 1760 emptione
370 1681 503 1764 recipiet
524 1682 630 1748 dictus
645 1683 834 1765 praesidens
855 1682 1026 1765 quotannis
1047 1681 1153 1747 adlruo
1166 1679 1279 1762 viginti

190 1777 347 1844 florenos.
363 1779 487 1856 Quibus
503 1781 653 1848 omnibus
669 1781 826 1859 deductis,
839 1781 1057 1850 excrescentia
1073 1779 1224 1862 relinquit
1238 1778 1278 1846 ad

190 1892 275 1958 opus
291 1877 435 1959 ejvsdem
450 1879 591 1961 collegit.
605 1880 673 1946 lloc
687 1897 816 1964 quoque
831 1880 923 1947 oneri
938 1879 1015 1946 dicti
1030 1877 1189 1961 praesidis
1204 1893 1279 1948 esso

87 2030 90 2034 .
189 1975 272 2052 vult,
289 1987 324 2042 ut
338 1987 474 2044 vacante
495 1978 600 2060 aliqua
617 1979 726 2058 bursa,
749 1981 833 2045 intra
855 1995 1038 2049 mensema
1059 1979 1112 2044 die
1134 1976 1278 2060 ciusdem

189 2075 369 2141 vacationis
393 2076 478 2141 idem
504 2078 692 2158 praesidens
717 2077 876 2160 eiusmodi
900 2077 1100 2144 vacationem
1123 2090 1279 2157 persnas

188 2173 316 2239 litteras
337 2175 462 2240 intimet
488 2185 520 2241 et
540 2176 707 2257 significet
733 2177 816 2242 inira
841 2177 1052 2260 designandis
1076 2174 1222 2258 patronis
1247 2183 1280 2240 et

187 2273 501 2353 praesentatoribus.

190 2392 203 2418 a
232 2369 370 2452 Insuper
393 2372 495 2437 voluit
519 2371 604 2438 idem
632 2373 783 2440 dominus
808 2383 952 2452 testator,
983 2374 1069 2457 quod
1096 2390 1186 2448 casu,
1213 2387 1278 2454 quo

185 2467 307 2550 aliquis
329 2477 481 2550 nepotum
504 2471 557 2538 vel
583 2480 794 2554 cognatorum
817 2489 951 2540 suorum
975 2473 1083 2553 cupiet
1104 2469 1220 2536 litteris
1246 2478 1278 2536 et

185 2566 306 2631 studiis
335 2583 465 2649 operam
495 2569 572 2636 dare
599 2569 632 2634 in
658 2570 770 2652 majori
797 2571 945 2640 tacultate
965 2587 1078 2636 sacrae
1098 2568 1279 2650 theologiae

186 2665 261 2732 sive
276 2665 372 2747 iuris,
389 2667 560 2748 potentat
583 2684 679 2734 uuam
701 2685 741 2735 ex
762 2669 858 2736 dictis
880 2677 1017 2752 quatuor
1032 2669 1141 2736 bursis
1156 2667 1277 2734 assumi

185 2771 223 2830 et
245 2766 456 2846 praesentari,
479 2767 629 2850 illamque
654 2769 801 2834 obtinere
822 2770 926 2851 spatio
950 2778 1073 2851 septem
1099 2783 1274 2842 annorum

186 2863 306 2938 volens
322 2865 468 2943 ulterius,
486 2868 572 2947 quod
595 2865 717 2950 singuli
738 2867 789 2934 sui
811 2867 962 2946 bursarii,
980 2867 1033 2950 qui
1056 2884 1095 2933 ex
1116 2882 1177 2934 suo
1201 2881 1276 2930 sau·

185 2963 288 3045 guina
301 2963 353 3028 vel
368 2965 560 3046 cognatione
581 2967 737 3042 eruntfin
762 2967 942 3033 subsidium
964 2983 1040 3034 suae
1062 2964 1275 3048 promotionis

184 3061 230 3127 ad
245 3062 406 3128 licentiam
423 3063 475 3129 bic
489 3065 617 3129 bovacii
631 3065 682 3131 vel
698 3065 731 3130 in
747 3066 836 3132 ltalia
851 3066 1069 3148 accipiendam
1085 3065 1222 3130 babeant
1236 3080 1276 3132 cx

185 3162 453 3228 excrescentibus
478 3163 635 3230 reditibus
660 3165 712 3231 sui
733 3165 860 3249 collegii
882 3165 1110 3249 quinquaginta
1134 3163 1276 3230 florenos

183 3262 357 3328 Ronenses
373 3261 484 3328 semel.

229 3360 349 3425 volens
370 3369 536 3441 praeterea
557 3361 640 3442 quod
665 3362 816 3441 Barbara,
839 3363 993 3430 moderna
1008 3379 1066 3428 sua
1088 3360 1216 3437 ancilla,
1231 3359 1275 3424 sit

184 3457 292 3542 prima
314 3459 430 3525 ancilla.
452 3460 611 3541 praesidis
633 3461 709 3526 dicti
733 3464 783 3528 sui
806 3463 943 3545 collegii,
960 3463 987 3528 si
1010 3462 1097 3530 etin
1119 3469 1272 3544 qnantum

183 3573 262 3622 oum
288 3557 402 3622 eodem
427 3557 576 3639 praeside
601 3558 633 3622 in
659 3561 833 3626 concordia
858 3561 967 3628 vivere
991 3559 1121 3643 poterit,
1149 3566 1180 3624 et
1205 3557 1274 3623 suis

182 3655 410 3738 provisoribus
438 3656 502 3721 hoc
531 3658 714 3724 consultum
741 3675 815 3725 esse
840 3659 1013 3730 videbitur.
1044 3660 1093 3737 lit,
1117 3675 1158 3724 ue
1186 3656 1273 3722 illius

181 3753 381 3820 omittendae
395 3754 526 3820 occasio
542 3754 584 3820 sit
606 3772 646 3821 ex
660 3773 750 3822 mora
764 3757 909 3840 erigendi
924 3758 1000 3824 dicti
1015 3757 1153 3840 collegii,
1170 3755 1272 3824 voluit

183 3863 218 3920 et
229 3854 311 3930 vult,
329 3853 413 3935 quod
430 3870 489 3935 per
503 3854 728 3937 infrascriptos
743 3873 822 3922 suos
837 3866 1026 3924 executores
1038 3857 1142 3923 eidem
1157 3854 1272 3920 Barba·

181 3969 242 4020 rae
267 3953 406 4037 singulis
420 3953 460 4035 (l)
482 3953 645 4020 dabnmur
665 3963 732 4021 tres
757 3955 884 4033 floreni,
911 3956 1015 4022 donec
1037 3957 1157 4023 dictum
1172 3955 1271 4026 colle·

221 4149 264 4222 (1)
285 4147 331 4206 Uo
344 4152 401 4206 mol
415 4165 527 4221 mamque
540 4167 573 4206 eu
586 4155 629 4206 ccl
642 4148 755 4208 endroit.
768 4149 794 4207 Il
803 4151 861 4209 saul
872 4150 995 4228 supplies
1004 4153 1128 4210 meatibus
1138 4153 1267 4231 euaneia.
