3036 4946
627 494 811 557 -sll—

177 657 344 739 ambagis,
363 663 426 721 tam
443 657 583 722 domanii
605 660 712 740 regiae
734 659 908 740 Maiestatis
932 675 1025 739 quam
1042 658 1175 722 aliarum
1196 657 1261 736 pri-

176 764 320 822 vatarum
337 771 559 835 personarum,
575 757 753 822 ascendunt
768 758 897 822 circiter
910 757 947 822 ad
964 756 1075 823 decem
1088 755 1186 818 millia
1203 754 1261 819 ilo-

175 870 343 920 renerum.

216 952 352 1016 Reditus
373 952 447 1016 dieti
471 953 598 1033 collegii
622 955 743 1036 percipi
766 956 871 1019 solent
894 971 949 1035 per
971 961 1183 1034 receptorem,
1207 951 1260 1033 qui

174 1051 388 1131 inpraesenti
409 1068 510 1132 nuper
525 1060 575 1117 est
598 1054 791 1118 coristitutus
815 1053 966 1138 magister
982 1053 1121 1116 loannes
1136 1051 1260 1114 Bacha-

175 1149 258 1213 sius.
277 1148 337 1222 Qui
351 1149 435 1212 dicta
451 1149 605 1230 arriragia
621 1152 766 1233 recipere
790 1152 901 1232 incipit
917 1151 976 1216 sub
999 1149 1160 1232 stipendio
1176 1147 1260 1213 vice·

140 1333 142 1338 ·
174 1247 249 1311 simi
266 1247 407 1323 denarii;
426 1247 479 1327 qui
502 1265 541 1312 ox
564 1249 674 1330 primis
691 1251 850 1315 dictorum
866 1250 1025 1314 redituum
1049 1249 1183 1329 reliquis
1203 1263 1259 1311 seu

175 1345 341 1427 arriragiis
364 1346 481 1410 debuit
510 1364 548 1412 ex
579 1357 744 1414 contractu
773 1357 804 1414 et
835 1349 1051 1429 promissione
1080 1344 1260 1411 fundatoris

174 1445 307 1510 domino
330 1454 360 1509 et
384 1446 536 1526 magistro
560 1447 691 1512 Nicolao
708 1448 833 1522 Goblet,
851 1448 927 1512 dicti
949 1446 1125 1512 fundatoris
1142 1444 1260 1524 nepoti,
1376 1491 1379 1497 .

175 1544 305 1608 solvere
318 1543 389 1608 loco
403 1545 584 1609 donationis
598 1555 728 1626 propter
737 1547 864 1627 nuptias
877 1562 1033 1610 summam
1046 1550 1261 1610 trecentorum

173 1641 392 1717 florenorum
411 1644 465 1722 qui
492 1643 644 1723 magister
658 1644 809 1709 Nicolaus
833 1662 871 1708 ex
895 1643 1078 1707 laudatione
1097 1640 1262 1707 testatoris

174 1740 308 1804 bursam
336 1739 445 1804 multis
471 1741 563 1805 aunis
589 1741 727 1806 obtinuit
752 1742 845 1806 etiam
874 1749 947 1822 post
970 1741 1123 1805 dimissos
1149 1755 1262 1803 omnes

173 1838 269 1913 alios,
292 1839 454 1920 assignata
477 1839 523 1902 illi
549 1840 581 1903 in
605 1841 739 1922 collegio
766 1841 941 1905 sabaudiae
964 1851 996 1905 et
1020 1840 1124 1905 soluta
1146 1839 1262 1903 bursae

174 1953 256 2002 suae
272 1938 420 2018 portione
437 1940 593 2019 usquead
611 1956 728 2004 annum
744 1939 835 2004 l586.

219 2035 362 2118 (Entrait
377 2037 418 2099 du
433 2044 560 2118 rapport
574 2056 629 2099 sur
644 2037 725 2102 i'etat
740 2040 792 2102 des
814 2038 940 2119 coiiepes
963 2040 1000 2102 de
1019 2037 1213 2101 l’Uniaersite
1227 2036 1264 2098 de

174 2136 319 2200 Lourain
334 2152 372 2197 en
387 2134 489 2213 lasa).

221 2298 338 2364 Ultimo
354 2299 512 2363 decennio
523 2299 624 2365 seculi
638 2299 753 2366 decimi
770 2300 850 2365 sexti
867 2300 1052 2366 innovatum
1069 2316 1126 2364 seu
1142 2306 1264 2364 restau-

177 2406 284 2462 ratum
297 2397 355 2461 luit
370 2397 553 2478 collegium,
568 2406 599 2463 et
613 2405 742 2463 auctum
757 2407 862 2480 empta
880 2414 961 2464 nova
976 2400 1083 2473 domo,
1100 2397 1159 2462 sub
1176 2412 1263 2479 prae-

175 2495 305 2560 sidibus
319 2497 442 2561 loanne
458 2495 562 2561 Clario
578 2505 610 2562 et
623 2497 746 2562 Ioanne
763 2498 918 2579 Wiringo.
937 2498 1052 2563 Postea
1067 2496 1127 2562 sub
1140 2495 1263 2578 praesi-

176 2593 288 2660 dentia
303 2594 436 2658 loannis
452 2595 583 2659 Roberti
606 2595 727 2660 Gisleni
743 2594 863 2672 Caimo,
887 2612 971 2660 anno
997 2596 1088 2670 llas,
1105 2593 1265 2675 adjectum

177 2691 240 2758 fuit
256 2691 393 2774 collegio
409 2692 591 2756 aedilicium
614 2710 742 2768 novum,
761 2694 845 2774 quod
869 2693 1000 2774 respicit
1017 2693 1153 2773 plateam
1171 2694 1267 2756 Prae·

173 2792 283 2876 positi,
303 2790 335 2853 in
351 2807 412 2872 quo
430 2800 504 2855 sunt
515 2791 725 2856 'relectorium
741 2800 772 2856 et
787 2792 953 2857 sacellum.

422 2987 587 3051 Praesides
610 2987 727 3083 cellapii
754 2992 877 3050 sanetae
898 2986 1022 3049 Annae.

219 3168 424 3233 Testamenta
447 3185 507 3233 suo
531 3169 570 3234 de
593 3169 645 3234 die
672 3170 709 3233 ll
729 3168 811 3250 junii
833 3167 924 3242 1553,
942 3168 1012 3248 ipse
1035 3165 1183 3231 l'unrlator
1206 3179 1263 3228 seu

175 3267 321 3331 dominus
341 3272 461 3330 testator
479 3285 538 3349 pro
556 3269 659 3349 primo
680 3267 872 3350 praesidente
886 3266 1057 3348 hujusmodi
1077 3265 1126 3328 sui
1148 3262 1265 3342 coiiepii

175 3366 347 3430 nominavit
362 3366 518 3430 dominum
534 3373 561 3430 et
576 3369 756 3448 mapistrum
774 3363 1023 3448 Christapitcrurn
1041 3360 1261 3432 Crieeirebeerla,

175 3481 286 3528 sacrae
298 3463 465 3545 tbeolapiae
480 3464 677 3541 licentiaturn,
695 3467 782 3529 rnorlo
803 3483 880 3528 onas
895 3465 1026 3546 ejusdem
1040 3461 1264 3544 praesidentiae

177 3570 337 3645 acceptare
356 3564 442 3640 velit;
462 3565 511 3628 sin
533 3571 645 3642 autem,
661 3565 806 3647 relinquit
827 3567 1065 3646 assumptionem
1087 3568 1114 3626 et
1137 3562 1263 3625 ordina·

177 3663 290 3724 donem
301 3663 434 3743 ejusdcm
444 3663 647 3744 praesidentis
657 3664 865 3746 provisoribus
877 3663 1003 3744 aoilepir'.
1011 3660 1262 3740 christophorus

111 3798 114 3804 ·
176 3759 414 3826 lirieckebeeck
436 3762 563 3827 videtur
585 3779 702 3828 munus
724 3763 786 3826 sibi
808 3763 948 3828 oblatum
974 3761 1168 3834 declinasse,
1190 3773 1262 3825 nam

175 3859 295 3924 citatur
310 3868 344 3924 ut
359 3859 482 3940 primus
497 3877 630 3942 praeses
646 3861 775 3944 collegii
790 3869 919 3926 sanctae
941 3860 1052 3924 Annae
1076 3859 1261 3939 alphonsus

173 3957 348 4038 Dayleren,
373 3959 426 4040 qui
450 3968 599 4041 tanquam
622 3959 715 4025 testis
738 3960 954 4034 aderandam
975 3957 1126 4042 Nicolaus
1149 3957 1262 4024 Goblet

173 4057 335 4124 condebat
351 4066 576 4125 testamentum
593 4077 699 4126 suum.

218 4206 244 4270 l.
270 4205 446 4272 Auruorrsus
467 4209 636 4284 [iniussus
659 4208 710 4281 vel
732 4209 903 4285 Damasus,
929 4209 968 4273 de
990 4208 1128 4276 Bossuto
1150 4209 1260 4290 (pagus
1334 4285 1339 4294 s
